2782 4576
602 323 759 384 ,69-

154 459 276 527 lentim
285 458 440 528 accedat.
453 458 527 527 Nec
540 457 789 549 solumcorpus
799 460 1004 550 organicum
1016 463 1184 533 mutabile
1198 491 1206 530 ι

153 575 255 644 uobis
272 576 378 644 etiam
392 581 610 665 compertum
628 582 783 645 mentem
800 597 921 644 rerum
940 578 1093 647 maxime
1106 577 1209 649 flexi·

152 692 258 761 bilem
274 712 315 761 ac
325 691 466 761 mollem
481 713 573 780 esse,
591 697 695 782 atque
709 693 873 761 facillime
886 715 924 762 se
935 695 1099 765 omnibus
1115 702 1207 766 tem·

152 810 297 899 poribus
319 829 360 878 ac
384 809 470 878 locis
492 810 771 894 accommodare,
797 831 876 901 quae
891 811 1026 880 circum
1044 814 1210 884 continuo

153 927 343 991 mutantur.
365 922 440 991 Imo
452 921 665 1012 ubicumque
683 921 795 1010 sedet,
816 922 892 1012 ipse
908 924 1066 992 continui
1092 931 1209 995 motus

153 1039 365 1126 principium
402 1043 571 1128 apparet,
612 1059 653 1107 ac
691 1043 819 1108 cuncta
857 1040 934 1129 ipse
967 1041 1210 1112 indesinenter

152 1147 274 1238 mutat,
287 1152 470 1239 convertit,
487 1153 687 1221 exsuscitat.
702 1151 798 1221 Nihil
807 1174 890 1243 ergo
903 1155 942 1222 in
952 1160 1208 1225 naturarerum

152 1262 290 1331 videtur
299 1263 478 1333 immobile
489 1263 558 1331 nisi
571 1263 665 1353 quod
677 1271 797 1333 mente
810 1267 1210 1356 careatatqueullimum

152 1379 245 1447 inter
255 1399 402 1469 corpora
417 1379 573 1449 obtineat
591 1380 719 1450 locum.

196 1495 278 1564 Non
294 1502 349 1563 est
368 1494 574 1564 inficiendm
598 1496 709 1563 menti
730 1515 819 1585 opus
843 1517 921 1566 esse
941 1497 1006 1567 has
1026 1498 1120 1568 inter
1133 1520 1213 1591 per·

154 1616 278 1703 petuas
294 1610 541 1680 conversiones
555 1610 656 1679 firmo
674 1616 715 1681 ut
728 1611 777 1680 ita
794 1612 909 1680 dicam
922 1612 1152 1685 fundamento
1169 1638 1211 1688 ac

155 1727 271 1797 stabili
280 1727 412 1817 regula.
422 1727 631 1809 QuodPlato
640 1727 771 1818 optime
780 1726 963 1797 intellexit.
975 1729 1106 1798 Verum
1118 1732 1213 1802 istud

152 1844 423 1913 fundamentum
447 1844 621 1933 istamque
649 1843 808 1934 regulam
836 1843 936 1913 inse
966 1864 1069 1914 mens
1090 1853 1212 1918 nostra

153 1981 226 2029 non
249 1959 362 2027 valeat
389 1959 559 2049 reperire,
586 1959 655 2027 nisi
679 1964 853 2049 quatenus
875 1960 1039 2030 immotas
1056 1964 1211 2032 materiai

154 2076 250 2166 leges
280 2076 353 2143 suis
383 2076 421 2143 in
451 2074 721 2166 cogitationibus
743 2075 992 2165 exprimendas
1024 2080 1209 2149 curaverit.

153 2192 213 2260 Vis
228 2211 319 2279 eam,
339 2191 437 2260 omni
450 2190 620 2260 animanti
634 2191 753 2279 insita,
774 2191 923 2282 impellit
943 2197 982 2260 ut
1002 2213 1101 2263 suam
1116 2196 1212 2264 utili·

154 2313 262 2377 talem
282 2313 427 2398 quaeret,
447 2307 628 2376 camelius
649 2305 780 2397 aliquid
801 2312 944 2397 appetat
965 2328 1125 2398 semper;
1148 2312 1212 2379 sed

155 2423 272 2493 abillo
287 2422 358 2492 line
379 2424 417 2491 in
438 2428 608 2492 aeternum
632 2422 738 2514 longe
759 2423 995 2492 deduceretur
1013 2425 1083 2492 nisi
1104 2427 1210 2495 certis

155 2541 262 2609 sciret
281 2540 541 2609 conditionibus
561 2560 600 2608 se
615 2560 696 2609 eum
711 2539 852 2628 assequi
867 2559 984 2628 posse.
1003 2539 1076 2607 Has
1093 2546 1209 2610 autern

155 2657 376 2726 conditiones
392 2655 572 2723 hominem
591 2660 726 2724 uaturae
745 2655 841 2745 leges
858 2654 997 2742 docent,
1014 2655 1091 2743 ejus
1110 2659 1211 2746 cupi-

156 2773 297 2842 dinibus
320 2792 391 2841 non
413 2791 555 2861 semper
576 2777 845 2857 consentaneas,
866 2770 937 2838 imo
955 2790 1050 2860 saepe
1071 2777 1211 2841 contra-

154 2890 236 2958 rias.
260 2887 502 2957 Periculosum
525 2887 656 2956 idcirco
684 2886 820 2955 homini
847 2886 892 2954 sit
919 2886 1104 2976 cupidines
1130 2908 1212 2956 suas

155 3004 267 3095 sequi,
292 3004 347 3074 vel
367 3004 532 3073 Idearum
557 3003 699 3072 nomine
725 3008 879 3089 ornatas,
910 3023 983 3070 non
1005 3023 1088 3070 vero
1113 3003 1211 3093 leges
1322 3028 1342 3045 ³

154 3121 277 3190 mundi
292 3141 447 3189 ererum
464 3120 682 3209 experientia
698 3118 833 3187 ductas.

197 3237 288 3330 Illud
304 3236 385 3304 dein
400 3236 541 3305 attende
557 3235 653 3304 unde
669 3234 799 3304 defluat
812 3232 1010 3303 secundum
1029 3231 1212 3302 Platonem

154 3353 221 3422 ista
231 3353 270 3422 in
283 3373 431 3442 corpora
445 3357 481 3421 et
495 3352 632 3420 animos
644 3351 841 3441 disciplina.
860 3348 948 3430 Quae
962 3369 1101 3417 morum
1113 3350 1210 3440 origo

155 3475 221 3555 est,
245 3489 286 3538 ac
309 3489 374 3559 per
393 3488 511 3536 mores
536 3467 666 3557 legum,
684 3472 790 3556 atque
813 3464 928 3533 omnis
943 3463 1094 3554 publicae
1113 3465 1206 3534 vitae.
1227 3458 1236 3467 ’

154 3584 255 3666 Quod
275 3585 355 3654 siin
379 3604 518 3674 quaque
544 3583 648 3651 domo
666 3588 767 3672 pater
789 3600 868 3649 eam
888 3600 930 3649 ac
950 3585 1064 3649 mater
1083 3580 1210 3670 cuique

155 3721 266 3791 puero
287 3700 524 3790 imponerent,
549 3719 633 3768 vere
647 3698 780 3766 viveret
804 3716 932 3787 corpus
951 3695 1112 3765 civitatis.
1133 3695 1212 3776 Quo

154 3820 271 3906 pacto,
286 3816 410 3885 morbo
424 3814 480 3883 vel
500 3813 624 3883 allecta
636 3813 837 3904 respublica
853 3818 974 3902 posset
995 3812 1073 3900 ipsa
1087 3830 1125 3879 se
1141 3812 1213 3880 eri·

156 3952 254 4021 gere,
279 3937 448 4021 tanquam
471 3932 509 3999 in
534 3950 681 4020 corpore
707 3929 792 3998 laeso
812 3949 937 3999 omnes
961 3933 1081 4018 partes
1109 3926 1212 3995 simul
