<?xml version="1.0" encoding="UTF-8"?>
<!DOCTYPE html PUBLIC "-//W3C//DTD XHTML 1.0 Transitional//EN"
    "http://www.w3.org/TR/xhtml1/DTD/xhtml1-transitional.dtd">
<html xmlns="http://www.w3.org/1999/xhtml" xml:lang="en" lang="en">
 <head>
  <title>
</title>
<meta http-equiv="Content-Type" content="text/html;charset=utf-8" />
  <meta name='ocr-system' content='tesseract 3.04.00' />
  <meta name='ocr-capabilities' content='ocr_page ocr_carea ocr_par ocr_line ocrx_word'/>
</head>
<body>
  <div class='ocr_page' id='page_1' title='image "./decivitateapudp00espigoog_0092.png"; bbox 0 0 2782 4576; ppageno 0'>
   <div class='ocr_carea' id='block_1_1' title="bbox 614 339 832 400">
    <p class='ocr_par' dir='ltr' id='par_1_1' title="bbox 614 339 832 400">
     <span class='ocr_line' id='line_1_1' title="bbox 614 339 832 400; baseline 0 -7"><span class='ocrx_word' id='word_1_1' title='bbox 614 339 832 400; x_wconf 85' lang='lat'>..85-·</span> 
     </span>
    </p>
   </div>
   <div class='ocr_carea' id='block_1_2' title="bbox 163 464 1220 1936">
    <p class='ocr_par' dir='ltr' id='par_1_2' title="bbox 163 464 1220 1936">
     <span class='ocr_line' id='line_1_2' title="bbox 163 464 1216 564; baseline 0.004 -24"><span class='ocrx_word' id='word_1_2' title='bbox 163 475 291 543; x_wconf 88' lang='lat' dir='ltr'>rationi</span> <span class='ocrx_word' id='word_1_3' title='bbox 309 495 382 544; x_wconf 93' lang='lat' dir='ltr'>non</span> <span class='ocrx_word' id='word_1_4' title='bbox 407 480 519 564; x_wconf 88' lang='lat' dir='ltr'>paret,</span> <span class='ocrx_word' id='word_1_5' title='bbox 544 481 649 564; x_wconf 89' lang='lat' dir='ltr'>atque</span> <span class='ocrx_word' id='word_1_6' title='bbox 668 476 706 542; x_wconf 93' lang='lat' dir='ltr'>ni</span> <span class='ocrx_word' id='word_1_7' title='bbox 733 464 874 543; x_wconf 85' lang='lat' dir='ltr'>suaderi</span> <span class='ocrx_word' id='word_1_8' title='bbox 897 475 1020 563; x_wconf 85' lang='lat' dir='ltr'>possit,</span> <span class='ocrx_word' id='word_1_9' title='bbox 1051 497 1070 543; x_wconf 93' lang='lat' dir='ltr'>e</span> <span class='ocrx_word' id='word_1_10' title='bbox 1100 476 1216 545; x_wconf 88' lang='lat' dir='ltr'>medio</span> 
     </span>
     <span class='ocr_line' id='line_1_3' title="bbox 164 587 1216 685; baseline 0.003 -29"><span class='ocrx_word' id='word_1_11' title='bbox 164 587 352 656; x_wconf 86' lang='lat' dir='ltr'>tollendus.</span> <span class='ocrx_word' id='word_1_12' title='bbox 369 588 506 656; x_wconf 85' lang='lat' dir='ltr'><strong>Rursus</strong></span> <span class='ocrx_word' id='word_1_13' title='bbox 517 590 651 657; x_wconf 88' lang='lat' dir='ltr'>amicus</span> <span class='ocrx_word' id='word_1_14' title='bbox 666 589 732 658; x_wconf 90' lang='lat' dir='ltr'>erit</span> <span class='ocrx_word' id='word_1_15' title='bbox 744 589 800 656; x_wconf 85' lang='lat' dir='ltr'>vel</span> <span class='ocrx_word' id='word_1_16' title='bbox 811 588 872 677; x_wconf 90' lang='lat' dir='ltr'>qui</span> <span class='ocrx_word' id='word_1_17' title='bbox 884 588 928 655; x_wconf 84' lang='lat' dir='ltr'>in·</span> <span class='ocrx_word' id='word_1_18' title='bbox 936 594 1057 685; x_wconf 84' lang='lat' dir='ltr'>extera</span> <span class='ocrx_word' id='word_1_19' title='bbox 1071 590 1216 680; x_wconf 82' lang='lat' dir='ltr'>regione</span> 
     </span>
     <span class='ocr_line' id='line_1_4' title="bbox 164 705 1217 796; baseline 0.002 -22"><span class='ocrx_word' id='word_1_20' title='bbox 164 712 269 774; x_wconf 88' lang='lat' dir='ltr'>natus</span> <span class='ocrx_word' id='word_1_21' title='bbox 283 706 388 775; x_wconf 86' lang='lat' dir='ltr'>luerit</span> <span class='ocrx_word' id='word_1_22' title='bbox 411 727 520 795; x_wconf 83' lang='lat' dir='ltr'>quum</span> <span class='ocrx_word' id='word_1_23' title='bbox 548 706 689 774; x_wconf 86' lang='lat' dir='ltr'>easdem</span> <span class='ocrx_word' id='word_1_24' title='bbox 719 712 889 794; x_wconf 86' lang='lat' dir='ltr'>sequetur</span> <span class='ocrx_word' id='word_1_25' title='bbox 913 705 1088 774; x_wconf 77' lang='lat' dir='ltr'>doctrinas</span> <span class='ocrx_word' id='word_1_26' title='bbox 1112 714 1217 796; x_wconf 87' lang='lat' dir='ltr'>atque</span> 
     </span>
     <span class='ocr_line' id='line_1_5' title="bbox 165 820 1218 912; baseline 0.001 -22"><span class='ocrx_word' id='word_1_27' title='bbox 165 822 316 890; x_wconf 86' lang='lat' dir='ltr'>coelestis</span> <span class='ocrx_word' id='word_1_28' title='bbox 347 823 494 891; x_wconf 84' lang='lat' dir='ltr'>civitatis</span> <span class='ocrx_word' id='word_1_29' title='bbox 527 821 623 912; x_wconf 87' lang='lat' dir='ltr'>leges</span> <span class='ocrx_word' id='word_1_30' title='bbox 650 820 859 910; x_wconf 89' lang='lat' dir='ltr'>adimplere·</span> <span class='ocrx_word' id='word_1_31' title='bbox 875 821 1070 890; x_wconf 83' lang='lat' dir='ltr'><strong>conabitur.</strong></span> <span class='ocrx_word' id='word_1_32' title='bbox 1103 822 1218 912; x_wconf 83' lang='lat' dir='ltr'>Super</span> 
     </span>
     <span class='ocr_line' id='line_1_6' title="bbox 164 937 1219 1027; baseline 0 -20"><span class='ocrx_word' id='word_1_33' title='bbox 164 938 293 1007; x_wconf 87' lang='lat' dir='ltr'>finibus</span> <span class='ocrx_word' id='word_1_34' title='bbox 315 939 623 1007; x_wconf 83' lang='lat' dir='ltr'>infestissimarum</span> <span class='ocrx_word' id='word_1_35' title='bbox 650 938 821 1027; x_wconf 84' lang='lat' dir='ltr'>gentium,</span> <span class='ocrx_word' id='word_1_36' title='bbox 846 937 943 1006; x_wconf 89' lang='lat' dir='ltr'>velut</span> <span class='ocrx_word' id='word_1_37' title='bbox 959 937 1022 1023; x_wconf 89' lang='lat' dir='ltr'>sol,</span> <span class='ocrx_word' id='word_1_38' title='bbox 1057 938 1219 1027; x_wconf 83' lang='lat' dir='ltr'>splendet</span> 
     </span>
     <span class='ocr_line' id='line_1_7' title="bbox 165 1054 1219 1144; baseline -0.001 -21"><span class='ocrx_word' id='word_1_39' title='bbox 165 1055 321 1123; x_wconf 89' lang='lat' dir='ltr'>divinum</span> <span class='ocrx_word' id='word_1_40' title='bbox 337 1054 424 1122; x_wconf 91' lang='lat' dir='ltr'>illud</span> <span class='ocrx_word' id='word_1_41' title='bbox 439 1054 619 1144; x_wconf 85' lang='lat' dir='ltr'>exemplar</span> <span class='ocrx_word' id='word_1_42' title='bbox 649 1061 754 1142; x_wconf 87' lang='lat' dir='ltr'>atque</span> <span class='ocrx_word' id='word_1_43' title='bbox 776 1075 901 1123; x_wconf 86' lang='lat' dir='ltr'>omnes</span> <span class='ocrx_word' id='word_1_44' title='bbox 918 1054 1068 1143; x_wconf 91' lang='lat' dir='ltr'>populos</span> <span class='ocrx_word' id='word_1_45' title='bbox 1087 1055 1219 1144; x_wconf 87' lang='lat' dir='ltr'>pariter</span> 
     </span>
     <span class='ocr_line' id='line_1_8' title="bbox 164 1171 1218 1260; baseline 0.001 -21"><span class='ocrx_word' id='word_1_46' title='bbox 164 1172 271 1240; x_wconf 86' lang='lat' dir='ltr'>radiis</span> <span class='ocrx_word' id='word_1_47' title='bbox 292 1171 483 1240; x_wconf 87' lang='lat' dir='ltr'>collustrat.</span> <span class='ocrx_word' id='word_1_48' title='bbox 501 1171 593 1260; x_wconf 87' lang='lat' dir='ltr'>Ergo</span> <span class='ocrx_word' id='word_1_49' title='bbox 610 1171 735 1240; x_wconf 85' lang='lat' dir='ltr'>iratres</span> <span class='ocrx_word' id='word_1_50' title='bbox 745 1172 903 1240; x_wconf 86' lang='lat' dir='ltr'>habendi</span> <span class='ocrx_word' id='word_1_51' title='bbox 925 1172 981 1240; x_wconf 89' lang='lat' dir='ltr'>vel</span> <span class='ocrx_word' id='word_1_52' title='bbox 997 1172 1218 1240; x_wconf 85' lang='lat' dir='ltr'>diversae&#39;re·</span> 
     </span>
     <span class='ocr_line' id='line_1_9' title="bbox 165 1286 1220 1376; baseline 0.001 -22"><span class='ocrx_word' id='word_1_53' title='bbox 165 1287 278 1376; x_wconf 83' lang='lat' dir='ltr'>gionis</span> <span class='ocrx_word' id='word_1_54' title='bbox 291 1287 369 1374; x_wconf 86' lang='lat' dir='ltr'>viri,</span> <span class='ocrx_word' id='word_1_55' title='bbox 386 1286 441 1355; x_wconf 84' lang='lat' dir='ltr'>vel</span> <span class='ocrx_word' id='word_1_56' title='bbox 453 1287 633 1356; x_wconf 89' lang='lat' dir='ltr'>hostilium</span> <span class='ocrx_word' id='word_1_57' title='bbox 650 1288 867 1357; x_wconf 79' lang='lat' dir='ltr'>exercituum</span> <span class='ocrx_word' id='word_1_58' title='bbox 881 1287 1023 1370; x_wconf 80' lang='lat' dir='ltr'>milites,</span> <span class='ocrx_word' id='word_1_59' title='bbox 1045 1306 1133 1375; x_wconf 89' lang='lat' dir='ltr'>quos</span> <span class='ocrx_word' id='word_1_60' title='bbox 1147 1307 1220 1356; x_wconf 89' lang='lat' dir='ltr'>una</span> 
     </span>
     <span class='ocr_line' id='line_1_10' title="bbox 165 1400 1220 1492; baseline 0.002 -25"><span class='ocrx_word' id='word_1_61' title='bbox 165 1400 285 1468; x_wconf 88' lang='lat' dir='ltr'>civitas</span> <span class='ocrx_word' id='word_1_62' title='bbox 310 1421 351 1468; x_wconf 87' lang='lat' dir='ltr'>ee</span> <span class='ocrx_word' id='word_1_63' title='bbox 380 1401 436 1468; x_wconf 90' lang='lat' dir='ltr'>die</span> <span class='ocrx_word' id='word_1_64' title='bbox 464 1401 706 1491; x_wconf 85' lang='lat' dir='ltr'>complectitur</span> <span class='ocrx_word' id='word_1_65' title='bbox 736 1423 867 1492; x_wconf 87' lang='lat' dir='ltr'>quase</span> <span class='ocrx_word' id='word_1_66' title='bbox 893 1403 1039 1471; x_wconf 89' lang='lat' dir='ltr'>rationis</span> <span class='ocrx_word' id='word_1_67' title='bbox 1061 1401 1220 1490; x_wconf 87' lang='lat' dir='ltr'>ejusdem</span> 
     </span>
     <span class='ocr_line' id='line_1_11' title="bbox 165 1519 1220 1610; baseline 0.002 -25"><span class='ocrx_word' id='word_1_68' title='bbox 165 1523 270 1606; x_wconf 88' lang='lat' dir='ltr'>atque</span> <span class='ocrx_word' id='word_1_69' title='bbox 302 1519 463 1606; x_wconf 87' lang='lat' dir='ltr'>ejusdem</span> <span class='ocrx_word' id='word_1_70' title='bbox 488 1519 583 1588; x_wconf 85' lang='lat' dir='ltr'>Ideae</span> <span class='ocrx_word' id='word_1_71' title='bbox 615 1519 807 1610; x_wconf 85' lang='lat' dir='ltr'>participes</span> <span class='ocrx_word' id='word_1_72' title='bbox 835 1526 1043 1610; x_wconf 79' lang='lat' dir='ltr'>agnoscunt.</span> <span class='ocrx_word' id='word_1_73' title='bbox 1069 1519 1220 1588; x_wconf 88' lang='lat' dir='ltr'>Prorsus</span> 
     </span>
     <span class='ocr_line' id='line_1_12' title="bbox 166 1635 1219 1725; baseline 0 -23"><span class='ocrx_word' id='word_1_74' title='bbox 166 1635 313 1703; x_wconf 90' lang='lat' dir='ltr'>molesta</span> <span class='ocrx_word' id='word_1_75' title='bbox 338 1635 509 1724; x_wconf 88' lang='lat' dir='ltr'>doctrina,</span> <span class='ocrx_word' id='word_1_76' title='bbox 527 1657 633 1725; x_wconf 83' lang='lat' dir='ltr'>quam</span> <span class='ocrx_word' id='word_1_77' title='bbox 656 1641 775 1705; x_wconf 86' lang='lat' dir='ltr'>tamen</span> <span class='ocrx_word' id='word_1_78' title='bbox 801 1658 872 1705; x_wconf 91' lang='lat' dir='ltr'>non</span> <span class='ocrx_word' id='word_1_79' title='bbox 888 1637 1135 1706; x_wconf 83' lang='lat' dir='ltr'>dubitaverunt</span> <span class='ocrx_word' id='word_1_80' title='bbox 1153 1635 1219 1703; x_wconf 92' lang='lat' dir='ltr'>ho·</span> 
     </span>
     <span class='ocr_line' id='line_1_13' title="bbox 166 1751 1220 1843; baseline 0.001 -25"><span class='ocrx_word' id='word_1_81' title='bbox 166 1753 280 1819; x_wconf 88' lang='lat' dir='ltr'>mines</span> <span class='ocrx_word' id='word_1_82' title='bbox 296 1751 438 1840; x_wconf 88' lang='lat' dir='ltr'>quidam</span> <span class='ocrx_word' id='word_1_83' title='bbox 457 1751 535 1842; x_wconf 88' lang='lat' dir='ltr'>ipso</span> <span class='ocrx_word' id='word_1_84' title='bbox 550 1753 588 1820; x_wconf 92' lang='lat' dir='ltr'>in</span> <span class='ocrx_word' id='word_1_85' title='bbox 608 1753 746 1843; x_wconf 80' lang='lat' dir='ltr'>fragore</span> <span class='ocrx_word' id='word_1_86' title='bbox 763 1773 938 1822; x_wconf 90' lang='lat' dir='ltr'>armorum</span> <span class='ocrx_word' id='word_1_87' title='bbox 954 1752 992 1820; x_wconf 93' lang='lat' dir='ltr'>in</span> <span class='ocrx_word' id='word_1_88' title='bbox 1005 1752 1124 1820; x_wconf 91' lang='lat' dir='ltr'>lucem</span> <span class='ocrx_word' id='word_1_89' title='bbox 1138 1772 1220 1841; x_wconf 93' lang='lat' dir='ltr'>pro-</span> 
     </span>
     <span class='ocr_line' id='line_1_14' title="bbox 166 1867 270 1936; baseline 0 -2"><span class='ocrx_word' id='word_1_90' title='bbox 166 1867 270 1936; x_wconf 88' lang='lat' dir='ltr'>serre.</span> 
     </span>
    </p>
   </div>
   <div class='ocr_carea' id='block_1_3' title="bbox 166 1984 1221 2304">
    <p class='ocr_par' dir='ltr' id='par_1_3' title="bbox 166 1984 1221 2304">
     <span class='ocr_line' id='line_1_15' title="bbox 208 1984 1217 2074; baseline 0 -22"><span class='ocrx_word' id='word_1_91' title='bbox 208 1984 303 2052; x_wconf 87' lang='lat' dir='ltr'>Talia</span> <span class='ocrx_word' id='word_1_92' title='bbox 319 1990 423 2073; x_wconf 87' lang='lat' dir='ltr'>etque</span> <span class='ocrx_word' id='word_1_93' title='bbox 443 1984 510 2052; x_wconf 83' lang='lat' dir='ltr'>alia</span> <span class='ocrx_word' id='word_1_94' title='bbox 523 1984 760 2074; x_wconf 87' lang='lat' dir='ltr'>hujusmodie</span> <span class='ocrx_word' id='word_1_95' title='bbox 781 1985 947 2054; x_wconf 86' lang='lat' dir='ltr'>methodo</span> <span class='ocrx_word' id='word_1_96' title='bbox 962 1985 1119 2054; x_wconf 84' lang='lat' dir='ltr'>Platonis</span> <span class='ocrx_word' id='word_1_97' title='bbox 1135 2005 1217 2074; x_wconf 93' lang='lat' dir='ltr'>pro-</span> 
     </span>
     <span class='ocr_line' id='line_1_16' title="bbox 166 2100 1219 2171; baseline 0.001 -3"><span class='ocrx_word' id='word_1_98' title='bbox 166 2100 311 2169; x_wconf 86' lang='lat' dir='ltr'>fluentia</span> <span class='ocrx_word' id='word_1_99' title='bbox 326 2100 451 2169; x_wconf 86' lang='lat' dir='ltr'>vitabis</span> <span class='ocrx_word' id='word_1_100' title='bbox 467 2102 498 2168; x_wconf 87' lang='lat' dir='ltr'>si</span> <span class='ocrx_word' id='word_1_101' title='bbox 512 2101 633 2169; x_wconf 88' lang='lat' dir='ltr'>Ideam</span> <span class='ocrx_word' id='word_1_102' title='bbox 655 2100 831 2171; x_wconf 86' lang='lat' dir='ltr'>confiteris</span> <span class='ocrx_word' id='word_1_103' title='bbox 850 2124 922 2171; x_wconf 92' lang='lat' dir='ltr'>non</span> <span class='ocrx_word' id='word_1_104' title='bbox 938 2125 957 2171; x_wconf 90' lang='lat' dir='ltr'>e</span> <span class='ocrx_word' id='word_1_105' title='bbox 975 2104 1110 2171; x_wconf 88' lang='lat' dir='ltr'>ratione</span> <span class='ocrx_word' id='word_1_106' title='bbox 1134 2102 1219 2170; x_wconf 88' lang='lat' dir='ltr'>sede</span> 
     </span>
     <span class='ocr_line' id='line_1_17' title="bbox 166 2215 1221 2304; baseline -0.001 -20"><span class='ocrx_word' id='word_1_107' title='bbox 166 2222 309 2304; x_wconf 86' lang='lat' dir='ltr'>pectore</span> <span class='ocrx_word' id='word_1_108' title='bbox 317 2215 500 2284; x_wconf 91' lang='lat' dir='ltr'>bominum</span> <span class='ocrx_word' id='word_1_109' title='bbox 515 2215 701 2304; x_wconf 86' lang='lat' dir='ltr'>proficisci,</span> <span class='ocrx_word' id='word_1_110' title='bbox 715 2223 819 2304; x_wconf 84' lang='lat' dir='ltr'>atque</span> <span class='ocrx_word' id='word_1_111' title='bbox 835 2217 1010 2285; x_wconf 87' lang='lat' dir='ltr'>diversam</span> <span class='ocrx_word' id='word_1_112' title='bbox 1024 2218 1061 2285; x_wconf 92' lang='lat' dir='ltr'>in</span> <span class='ocrx_word' id='word_1_113' title='bbox 1075 2216 1221 2285; x_wconf 86' lang='lat' dir='ltr'>divorsis</span> 
     </span>
    </p>
   </div>
   <div class='ocr_carea' id='block_1_4' title="bbox 80 2333 1257 4092">
    <p class='ocr_par' dir='ltr' id='par_1_4' title="bbox 80 2333 1257 4092">
     <span class='ocr_line' id='line_1_18' title="bbox 168 2333 1223 2422; baseline 0 -22"><span class='ocrx_word' id='word_1_114' title='bbox 168 2353 350 2422; x_wconf 87' lang='lat' dir='ltr'>apparere.</span> <span class='ocrx_word' id='word_1_115' title='bbox 374 2334 455 2401; x_wconf 91' lang='lat' dir='ltr'>Non</span> <span class='ocrx_word' id='word_1_116' title='bbox 481 2338 549 2400; x_wconf 80' lang='lat' dir='ltr'>stat</span> <span class='ocrx_word' id='word_1_117' title='bbox 570 2333 629 2400; x_wconf 86' lang='lat' dir='ltr'>illa</span> <span class='ocrx_word' id='word_1_118' title='bbox 652 2333 696 2401; x_wconf 89' lang='lat' dir='ltr'>ab</span> <span class='ocrx_word' id='word_1_119' title='bbox 727 2333 850 2402; x_wconf 86' lang='lat' dir='ltr'>ordine</span> <span class='ocrx_word' id='word_1_120' title='bbox 883 2333 1065 2420; x_wconf 84' lang='lat' dir='ltr'>doctrinae,</span> <span class='ocrx_word' id='word_1_121' title='bbox 1097 2355 1117 2402; x_wconf 93' lang='lat' dir='ltr'>e</span> <span class='ocrx_word' id='word_1_122' title='bbox 1144 2335 1223 2402; x_wconf 85' lang='lat' dir='ltr'>vitae</span> 
     </span>
     <span class='ocr_line' id='line_1_19' title="bbox 166 2447 1223 2539; baseline 0.001 -25"><span class='ocrx_word' id='word_1_123' title='bbox 166 2447 320 2536; x_wconf 88' lang='lat' dir='ltr'>impulsu</span> <span class='ocrx_word' id='word_1_124' title='bbox 334 2448 477 2538; x_wconf 88' lang='lat' dir='ltr'>pendet.</span> <span class='ocrx_word' id='word_1_125' title='bbox 496 2447 602 2516; x_wconf 85' lang='lat' dir='ltr'>Nulla</span> <span class='ocrx_word' id='word_1_126' title='bbox 614 2447 672 2516; x_wconf 83' lang='lat' dir='ltr'>lex</span> <span class='ocrx_word' id='word_1_127' title='bbox 687 2448 731 2516; x_wconf 88' lang='lat' dir='ltr'>ab</span> <span class='ocrx_word' id='word_1_128' title='bbox 747 2447 806 2516; x_wconf 88' lang='lat' dir='ltr'>illa</span> <span class='ocrx_word' id='word_1_129' title='bbox 819 2455 951 2537; x_wconf 85' lang='lat' dir='ltr'>manat,</span> <span class='ocrx_word' id='word_1_130' title='bbox 970 2450 1033 2518; x_wconf 90' lang='lat' dir='ltr'>sed</span> <span class='ocrx_word' id='word_1_131' title='bbox 1051 2449 1129 2539; x_wconf 80' lang='lat' dir='ltr'>lege</span> <span class='ocrx_word' id='word_1_132' title='bbox 1144 2449 1223 2537; x_wconf 88' lang='lat' dir='ltr'>ipsa</span> 
     </span>
     <span class='ocr_line' id='line_1_20' title="bbox 167 2560 1222 2651; baseline -0.004 -23"><span class='ocrx_word' id='word_1_133' title='bbox 167 2561 322 2651; x_wconf 82' lang='lat' dir='ltr'>regenda</span> <span class='ocrx_word' id='word_1_134' title='bbox 342 2567 408 2629; x_wconf 89' lang='lat' dir='ltr'>est.</span> <span class='ocrx_word' id='word_1_135' title='bbox 432 2561 510 2642; x_wconf 85' lang='lat' dir='ltr'>Qua</span> <span class='ocrx_word' id='word_1_136' title='bbox 525 2567 642 2629; x_wconf 90' lang='lat' dir='ltr'>antem</span> <span class='ocrx_word' id='word_1_137' title='bbox 665 2561 765 2650; x_wconf 76' lang='lat' dir='ltr'>lege‘.l</span> <span class='ocrx_word' id='word_1_138' title='bbox 784 2561 936 2647; x_wconf 88' lang='lat' dir='ltr'>Scilicet,</span> <span class='ocrx_word' id='word_1_139' title='bbox 952 2561 1102 2632; x_wconf 87' lang='lat' dir='ltr'>velutin</span> <span class='ocrx_word' id='word_1_140' title='bbox 1125 2560 1222 2628; x_wconf 90' lang='lat' dir='ltr'>omni</span> 
     </span>
     <span class='ocr_line' id='line_1_21' title="bbox 166 2674 1224 2766; baseline -0.001 -24"><span class='ocrx_word' id='word_1_141' title='bbox 166 2695 218 2760; x_wconf 90' lang='lat' dir='ltr'>re,</span> <span class='ocrx_word' id='word_1_142' title='bbox 246 2675 313 2743; x_wconf 85' lang='lat' dir='ltr'>hnc</span> <span class='ocrx_word' id='word_1_143' title='bbox 343 2675 421 2766; x_wconf 82' lang='lat' dir='ltr'>lego</span> <span class='ocrx_word' id='word_1_144' title='bbox 454 2696 560 2764; x_wconf 83' lang='lat' dir='ltr'>quam</span> <span class='ocrx_word' id='word_1_145' title='bbox 592 2697 611 2744; x_wconf 88' lang='lat' dir='ltr'>e</span> <span class='ocrx_word' id='word_1_146' title='bbox 643 2675 844 2763; x_wconf 89' lang='lat' dir='ltr'>spectaculo</span> <span class='ocrx_word' id='word_1_147' title='bbox 871 2695 991 2743; x_wconf 87' lang='lat' dir='ltr'>rorum</span> <span class='ocrx_word' id='word_1_148' title='bbox 1024 2674 1224 2743; x_wconf 86' lang='lat' dir='ltr'>intellectus</span> 
     </span>
     <span class='ocr_line' id='line_1_22' title="bbox 168 2792 1221 2882; baseline -0.001 -21"><span class='ocrx_word' id='word_1_149' title='bbox 168 2793 297 2861; x_wconf 90' lang='lat' dir='ltr'>ducere</span> <span class='ocrx_word' id='word_1_150' title='bbox 314 2793 413 2861; x_wconf 86' lang='lat' dir='ltr'>solet.</span> <span class='ocrx_word' id='word_1_151' title='bbox 430 2792 593 2882; x_wconf 85' lang='lat' dir='ltr'>Namque</span> <span class='ocrx_word' id='word_1_152' title='bbox 607 2814 716 2881; x_wconf 90' lang='lat' dir='ltr'>quum</span> <span class='ocrx_word' id='word_1_153' title='bbox 736 2814 838 2861; x_wconf 89' lang='lat' dir='ltr'>mens</span> <span class='ocrx_word' id='word_1_154' title='bbox 852 2793 1034 2861; x_wconf 91' lang='lat' dir='ltr'>hominum</span> <span class='ocrx_word' id='word_1_155' title='bbox 1047 2814 1105 2862; x_wconf 89' lang='lat' dir='ltr'>res</span> <span class='ocrx_word' id='word_1_156' title='bbox 1125 2798 1221 2861; x_wconf 86' lang='lat' dir='ltr'>certo</span> 
     </span>
     <span class='ocr_line' id='line_1_23' title="bbox 168 2907 1221 2997; baseline 0.001 -22"><span class='ocrx_word' id='word_1_157' title='bbox 168 2928 273 2976; x_wconf 90' lang='lat' dir='ltr'>cursu</span> <span class='ocrx_word' id='word_1_158' title='bbox 303 2929 445 2997; x_wconf 90' lang='lat' dir='ltr'>semper</span> <span class='ocrx_word' id='word_1_159' title='bbox 483 2907 658 2997; x_wconf 85' lang='lat' dir='ltr'>profluere</span> <span class='ocrx_word' id='word_1_160' title='bbox 693 2908 957 2996; x_wconf 84' lang='lat' dir='ltr'>animadvertit,</span> <span class='ocrx_word' id='word_1_161' title='bbox 985 2909 1069 2977; x_wconf 89' lang='lat' dir='ltr'>indo</span> <span class='ocrx_word' id='word_1_162' title='bbox 1102 2929 1221 2977; x_wconf 91' lang='lat' dir='ltr'>rerum</span> 
     </span>
     <span class='ocr_line' id='line_1_24' title="bbox 168 3024 1222 3115; baseline 0.001 -24"><span class='ocrx_word' id='word_1_163' title='bbox 168 3024 282 3114; x_wconf 78' lang='lat' dir='ltr'>legem</span> <span class='ocrx_word' id='word_1_164' title='bbox 297 3025 431 3094; x_wconf 89' lang='lat' dir='ltr'>scilicet</span> <span class='ocrx_word' id='word_1_165' title='bbox 450 3025 611 3093; x_wconf 86' lang='lat' dir='ltr'>stabilem</span> <span class='ocrx_word' id='word_1_166' title='bbox 627 3025 773 3093; x_wconf 91' lang='lat' dir='ltr'>modum</span> <span class='ocrx_word' id='word_1_167' title='bbox 799 3026 989 3115; x_wconf 90' lang='lat' dir='ltr'>componit,</span> <span class='ocrx_word' id='word_1_168' title='bbox 1016 3031 1120 3112; x_wconf 91' lang='lat' dir='ltr'>atque</span> <span class='ocrx_word' id='word_1_169' title='bbox 1139 3045 1222 3112; x_wconf 89' lang='lat' dir='ltr'>pro-</span> 
     </span>
     <span class='ocr_line' id='line_1_25' title="bbox 80 3131 1223 3230; baseline -0.001 -22"><span class='ocrx_word' id='word_1_170' title='bbox 80 3131 84 3139; x_wconf 78' lang='grc'><strong>’</strong></span> <span class='ocrx_word' id='word_1_171' title='bbox 167 3141 306 3209; x_wconf 85' lang='lat' dir='ltr'>nuntiat</span> <span class='ocrx_word' id='word_1_172' title='bbox 334 3163 353 3210; x_wconf 89' lang='lat' dir='ltr'>e</span> <span class='ocrx_word' id='word_1_173' title='bbox 383 3142 498 3210; x_wconf 84' lang='lat' dir='ltr'>causis</span> <span class='ocrx_word' id='word_1_174' title='bbox 531 3148 636 3230; x_wconf 87' lang='lat' dir='ltr'>utque</span> <span class='ocrx_word' id='word_1_175' title='bbox 664 3140 846 3210; x_wconf 81' lang='lat' dir='ltr'>effectibus</span> <span class='ocrx_word' id='word_1_176' title='bbox 868 3161 1011 3230; x_wconf 85' lang='lat' dir='ltr'>semper</span> <span class='ocrx_word' id='word_1_177' title='bbox 1036 3145 1071 3208; x_wconf 90' lang='lat' dir='ltr'>et</span> <span class='ocrx_word' id='word_1_178' title='bbox 1091 3139 1223 3230; x_wconf 75' lang='lat' dir='ltr'>ubique</span> 
     </span>
     <span class='ocr_line' id='line_1_26' title="bbox 169 3257 1223 3346; baseline -0.003 -21"><span class='ocrx_word' id='word_1_179' title='bbox 169 3257 335 3325; x_wconf 88' lang='lat' dir='ltr'>eumdem</span> <span class='ocrx_word' id='word_1_180' title='bbox 351 3264 553 3326; x_wconf 87' lang='lat' dir='ltr'>contextum</span> <span class='ocrx_word' id='word_1_181' title='bbox 569 3264 729 3343; x_wconf 78' lang='lat' dir='ltr'>enatura</span> <span class='ocrx_word' id='word_1_182' title='bbox 744 3258 849 3326; x_wconf 87' lang='lat' dir='ltr'>necti.</span> <span class='ocrx_word' id='word_1_183' title='bbox 868 3257 945 3340; x_wconf 86' lang='lat' dir='ltr'>Quo</span> <span class='ocrx_word' id='word_1_184' title='bbox 962 3257 1101 3346; x_wconf 83' lang='lat' dir='ltr'>cognito</span> <span class='ocrx_word' id='word_1_185' title='bbox 1116 3276 1223 3345; x_wconf 83' lang='lat' dir='ltr'>regu-</span> 
     </span>
     <span class='ocr_line' id='line_1_27' title="bbox 166 3370 1224 3464; baseline 0 -25"><span class='ocrx_word' id='word_1_186' title='bbox 166 3370 238 3440; x_wconf 83' lang='lat' dir='ltr'>lam</span> <span class='ocrx_word' id='word_1_187' title='bbox 257 3373 385 3464; x_wconf 85' lang='lat' dir='ltr'>agendi</span> <span class='ocrx_word' id='word_1_188' title='bbox 408 3375 451 3442; x_wconf 89' lang='lat' dir='ltr'>ab</span> <span class='ocrx_word' id='word_1_189' title='bbox 466 3374 533 3442; x_wconf 89' lang='lat' dir='ltr'>hac</span> <span class='ocrx_word' id='word_1_190' title='bbox 553 3373 630 3464; x_wconf 81' lang='lat' dir='ltr'>lege</span> <span class='ocrx_word' id='word_1_191' title='bbox 650 3373 751 3442; x_wconf 84' lang='lat' dir='ltr'>lecile</span> <span class='ocrx_word' id='word_1_192' title='bbox 776 3374 908 3458; x_wconf 87' lang='lat' dir='ltr'>trahes,</span> <span class='ocrx_word' id='word_1_193' title='bbox 932 3379 967 3442; x_wconf 87' lang='lat' dir='ltr'>et</span> <span class='ocrx_word' id='word_1_194' title='bbox 982 3373 1072 3442; x_wconf 85' lang='lat' dir='ltr'>scies</span> <span class='ocrx_word' id='word_1_195' title='bbox 1096 3372 1224 3460; x_wconf 89' lang='lat' dir='ltr'>quibus</span> 
     </span>
     <span class='ocr_line' id='line_1_28' title="bbox 169 3487 1223 3579; baseline -0.003 -22"><span class='ocrx_word' id='word_1_196' title='bbox 169 3490 426 3558; x_wconf 87' lang='lat' dir='ltr'>conditionibus</span> <span class='ocrx_word' id='word_1_197' title='bbox 438 3490 546 3559; x_wconf 87' lang='lat' dir='ltr'>finem</span> <span class='ocrx_word' id='word_1_198' title='bbox 561 3496 764 3579; x_wconf 85' lang='lat' dir='ltr'>exoptatum</span> <span class='ocrx_word' id='word_1_199' title='bbox 779 3490 940 3558; x_wconf 87' lang='lat' dir='ltr'>obtinere</span> <span class='ocrx_word' id='word_1_200' title='bbox 958 3489 1083 3579; x_wconf 90' lang='lat' dir='ltr'>possis.</span> <span class='ocrx_word' id='word_1_201' title='bbox 1099 3487 1223 3555; x_wconf 89' lang='lat' dir='ltr'>Finem</span> 
     </span>
     <span class='ocr_line' id='line_1_29' title="bbox 169 3603 1226 3696; baseline -0.004 -22"><span class='ocrx_word' id='word_1_202' title='bbox 169 3612 288 3674; x_wconf 87' lang='lat' dir='ltr'>autem</span> <span class='ocrx_word' id='word_1_203' title='bbox 309 3607 435 3696; x_wconf 89' lang='lat' dir='ltr'>cupido</span> <span class='ocrx_word' id='word_1_204' title='bbox 456 3606 530 3675; x_wconf 84' lang='lat' dir='ltr'>sola</span> <span class='ocrx_word' id='word_1_205' title='bbox 547 3608 709 3696; x_wconf 87' lang='lat' dir='ltr'>proponit</span> <span class='ocrx_word' id='word_1_206' title='bbox 730 3612 835 3694; x_wconf 89' lang='lat' dir='ltr'>atque</span> <span class='ocrx_word' id='word_1_207' title='bbox 851 3610 947 3673; x_wconf 88' lang='lat' dir='ltr'>creat</span> <span class='ocrx_word' id='word_1_208' title='bbox 965 3627 972 3672; x_wconf 75' lang='grc' dir='ltr'>ε</span> <span class='ocrx_word' id='word_1_209' title='bbox 991 3603 1142 3672; x_wconf 90' lang='lat' dir='ltr'>liborum</span> <span class='ocrx_word' id='word_1_210' title='bbox 1162 3604 1226 3671; x_wconf 84' lang='lat' dir='ltr'>tibi</span> 
     </span>
     <span class='ocr_line' id='line_1_30' title="bbox 168 3719 1223 3812; baseline -0.005 -22"><span class='ocrx_word' id='word_1_211' title='bbox 168 3722 352 3791; x_wconf 87' lang='lat' dir='ltr'>arbitrium</span> <span class='ocrx_word' id='word_1_212' title='bbox 376 3734 430 3791; x_wconf 83' lang='lat' dir='ltr'>est</span> <span class='ocrx_word' id='word_1_213' title='bbox 453 3730 513 3792; x_wconf 86' lang='lat' dir='ltr'>aut</span> <span class='ocrx_word' id='word_1_214' title='bbox 526 3724 608 3791; x_wconf 72' lang='lat' dir='ltr'>vitae</span> <span class='ocrx_word' id='word_1_215' title='bbox 628 3722 808 3812; x_wconf 87' lang='lat' dir='ltr'>amplioris</span> <span class='ocrx_word' id='word_1_216' title='bbox 827 3727 887 3790; x_wconf 86' lang='lat' dir='ltr'>aut</span> <span class='ocrx_word' id='word_1_217' title='bbox 902 3721 1024 3789; x_wconf 88' lang='lat' dir='ltr'>mortis</span> <span class='ocrx_word' id='word_1_218' title='bbox 1040 3719 1223 3809; x_wconf 83' lang='lat' dir='ltr'>eligendae,</span> 
     </span>
     <span class='ocr_line' id='line_1_31' title="bbox 170 3834 1257 3927; baseline -0.004 -22"><span class='ocrx_word' id='word_1_219' title='bbox 170 3843 205 3905; x_wconf 88' lang='lat' dir='ltr'>et</span> <span class='ocrx_word' id='word_1_220' title='bbox 219 3839 353 3927; x_wconf 85' lang='lat' dir='ltr'>patriae,</span> <span class='ocrx_word' id='word_1_221' title='bbox 371 3840 468 3907; x_wconf 88' lang='lat' dir='ltr'>idest</span> <span class='ocrx_word' id='word_1_222' title='bbox 483 3840 560 3906; x_wconf 84' lang='lat' dir='ltr'>vitae</span> <span class='ocrx_word' id='word_1_223' title='bbox 575 3839 787 3925; x_wconf 79' lang='lat' dir='ltr'>communie,</span> <span class='ocrx_word' id='word_1_224' title='bbox 801 3843 860 3906; x_wconf 86' lang='lat' dir='ltr'>aut</span> <span class='ocrx_word' id='word_1_225' title='bbox 874 3836 1014 3906; x_wconf 69' lang='lat' dir='ltr'>tuendae</span> <span class='ocrx_word' id='word_1_226' title='bbox 1029 3843 1089 3904; x_wconf 91' lang='lat' dir='ltr'>aut</span> <span class='ocrx_word' id='word_1_227' title='bbox 1110 3834 1223 3924; x_wconf 81' lang='lat' dir='ltr'>negli—</span> <span class='ocrx_word' id='word_1_228' title='bbox 1254 3837 1257 3844; x_wconf 86' lang='lat'>&#39;</span> 
     </span>
     <span class='ocr_line' id='line_1_32' title="bbox 171 3953 1224 4045; baseline -0.004 -23"><span class='ocrx_word' id='word_1_229' title='bbox 171 3954 307 4045; x_wconf 80' lang='lat' dir='ltr'>gendae.</span> <span class='ocrx_word' id='word_1_230' title='bbox 326 3955 396 4024; x_wconf 89' lang='lat' dir='ltr'>Sed</span> <span class='ocrx_word' id='word_1_231' title='bbox 416 3957 453 4023; x_wconf 87' lang='lat' dir='ltr'>ln</span> <span class='ocrx_word' id='word_1_232' title='bbox 472 3956 677 4024; x_wconf 87' lang='lat' dir='ltr'>universum</span> <span class='ocrx_word' id='word_1_233' title='bbox 698 3953 884 4022; x_wconf 82' lang='lat' dir='ltr'>aestimanti</span> <span class='ocrx_word' id='word_1_234' title='bbox 901 3954 1069 4021; x_wconf 78' lang='lat' dir='ltr'>isiacum</span> <span class='ocrx_word' id='word_1_235' title='bbox 1090 3970 1224 4039; x_wconf 91' lang='lat' dir='ltr'>ponen-</span> 
     </span>
     <span class='ocr_line' id='line_1_33' title="bbox 1092 4066 1104 4092; baseline 0 0"><span class='ocrx_word' id='word_1_236' title='bbox 1092 4066 1104 4092; x_wconf 56' lang='lat' dir='ltr'>t</span> 
     </span>
    </p>
   </div>
   <div class='ocr_carea' id='block_1_5' title="bbox 0 0 1406 4576">
    <p class='ocr_par' dir='ltr' id='par_1_5' title="bbox 0 0 1406 4576">
     <span class='ocr_line' id='line_1_34' title="bbox 0 0 1406 4576; baseline 0 0"><span class='ocrx_word' id='word_1_237' title='bbox 0 0 1406 4576; x_wconf 95' lang='lat' dir='ltr'> </span> 
     </span>
    </p>
   </div>
  </div>
 </body>
</html>
