2782 4576
558 746 816 842 beliocus

205 1077 248 1147 In
264 1077 329 1146 has
341 1077 520 1166 angustias
538 1076 637 1146 Plato
651 1077 813 1166 incurrit,
830 1079 914 1168 quia
938 1079 1115 1169 duplicem
1137 1080 1215 1149 ins-

163 1193 238 1262 cius
270 1193 476 1277 methodum
505 1193 622 1279 inivit3
658 1194 743 1264 hinc
771 1215 892 1263 rerum
921 1201 1096 1285 naturam,
1120 1197 1217 1266 illinc

162 1329 276 1397 suam,
292 1315 332 1378 ut
342 1309 468 1397 aiebat,
484 1309 668 1396 rationem,
687 1315 721 1377 at
731 1311 847 1398 polius
863 1312 1066 1400 cupidinem
1083 1314 1215 1403 magis·
1303 1365 1307 1376 .

162 1431 252 1496 tram
273 1431 426 1495 secutus.
448 1424 570 1494 Credis
581 1426 757 1494 viventem
771 1428 947 1497 civitatem
963 1449 1045 1497 eum
1057 1435 1129 1497 tam
1144 1430 1218 1498 ieli-

165 1540 253 1610 citer
265 1542 392 1630 parlim
405 1540 635 1630 expressisse,
654 1541 724 1608 nisi
738 1561 816 1609 earn
831 1541 1066 1630 observasset,
1083 1563 1124 1611 ac
1138 1545 1219 1612 vilae

164 1659 279 1727 omnis
296 1657 393 1747 leges
411 1656 508 1725 velut
530 1657 802 1746 praesensisset?
817 1657 894 1739 Quo
921 1659 1034 1727 solum
1046 1666 1149 1748 pacto
1165 1661 1220 1729 in-

162 1768 329 1863 telligilur
336 1773 560 1842 Aristotelem
570 1779 667 1842 tanto
676 1774 713 1841 in
726 1779 888 1843 naturam
898 1774 1014 1842 studio
1028 1775 1218 1864 praeditum

163 1896 300 1979 partem
311 1889 408 1958 lianc
422 1889 613 1958 Platonicae
629 1889 796 1959 doctrinae
810 1910 913 1980 paene
929 1896 1038 1959 totam
1055 1890 1219 1959 retulisse

165 2005 549 2097 etmagistripolilicam
559 2007 676 2095 polius
688 2006 934 2076 emundavisse
946 2027 1051 2096 quam
1065 2007 1216 2075 auxisse.

163 2124 241 2194 Non
265 2125 349 2192 satis
369 2123 484 2192 adhuc
510 2123 553 2192 de
572 2123 627 2191 his
648 2123 810 2192 laudatus
830 2123 942 2210 Plato,
967 2144 1007 2192 ac
1026 2123 1152 2191 vellem
1176 2123 1220 2192 ab

166 2242 329 2311 omnibus
342 2241 455 2310 audiri
468 2240 580 2330 (quod
595 2261 697 2330 paene
717 2240 923 2309 incredibile
939 2241 1058 2310 forsan
1078 2241 1221 2330 quibus-

166 2356 246 2425 dam
260 2353 454 2441 videretur)
468 2354 568 2422 illum
589 2355 744 2444 primum
764 2355 922 2423 omnium
940 2355 1138 2444 inspexisse
1156 2374 1220 2421 na·
1312 2425 1314 2427 ,

165 2477 280 2541 turam
295 2470 472 2538 societatis
489 2451 667 2556 humanae,
692 2470 888 2538 bestiarum
908 2470 1057 2538 coelibus
1077 2488 1221 2557 compa·

163 2586 308 2673 ravisse,
327 2585 575 2654 similitudines
595 2585 725 2653 vidisse
747 2606 788 2654 ac
818 2586 1016 2675 praeserlim
1045 2586 1220 2653 viventem

163 2700 380 2769 intellexisse
394 2699 532 2768 civilem
561 2718 768 2790 compagem
795 2720 901 2788 quam
926 2698 1087 2767 animalis
1110 2700 1222 2767 instar

164 2815 267 2885 docet
297 2816 407 2902 nasci,
437 2833 637 2900 senescere,
672 2813 796 2881 morbo
835 2813 1007 2900 laborare,
1038 2813 1077 2880 in
1104 2811 1222 2900 partes

164 2935 288 3020 sponte
303 2931 413 3017 abire,
438 2929 597 2998 laborem
616 2928 655 2996 in
677 2947 737 2996 eas
756 2927 923 3014 dividere,
949 2927 1222 2996 consuetudines

164 3067 317 3133 servare,
339 3047 492 3136 denique
513 3066 655 3115 omnem
683 3065 757 3134 prae
773 3065 812 3114 se
833 3044 925 3114 ferre
946 3045 1052 3113 unius
1071 3044 1223 3112 hominis

165 3162 336 3232 habiturn.
355 3162 400 3231 At
416 3183 457 3231 eo
472 3163 549 3253 ipso
568 3167 728 3250 tempore
750 3181 820 3249 quo
837 3165 910 3228 tarn
929 3159 1114 3248 pulchram
1139 3159 1223 3227 doc-

165 3278 294 3348 trinam
316 3284 451 3347 uaturae
470 3298 591 3346 rerum
611 3275 780 3365 praeclare
805 3280 1061 3364 congruentem
1082 3273 1221 3354 edebat,

166 3396 286 3464 nescio
306 3415 412 3485 quam
423 3396 460 3463 in
476 3395 565 3463 coelo
586 3394 747 3483 captabat
763 3393 910 3461 civitatis
925 3391 1099 3477 umbram,
1118 3410 1222 3479 quam

166 3511 297 3581 civitati
321 3510 452 3579 viventi
478 3514 513 3579 et
540 3511 658 3599 agenti
686 3515 726 3578 ut
753 3508 843 3577 foret
881 3527 953 3576 una
985 3505 1224 3595 superaddere

166 3627 376 3697 moliebatur
398 3655 405 3694 :
423 3628 523 3717 quusi
535 3627 594 3695 illa
613 3648 679 3716 per
693 3648 732 3695 se
756 3627 870 3716 ipsam
885 3645 955 3695 una
972 3623 1049 3692 fieri
1071 3643 1143 3690 non
1161 3643 1223 3690 va-

167 3743 306 3812 luisset!
330 3743 444 3825 Quam
458 3742 588 3828 ideam,
604 3742 753 3810 civitatis
769 3741 921 3811 coeleslis
936 3739 1139 3829 imaginem,
1157 3758 1224 3825 pu-

166 3861 264 3930 tabat
294 3863 371 3930 sine
397 3861 504 3930 dubio
526 3882 564 3929 se
583 3861 622 3929 in
647 3861 723 3928 Deo
752 3861 829 3948 ipso
854 3857 1070 3947 perspicere,
1098 3874 1138 3921 ac
1164 3872 1224 3920 ore
1279 3915 1283 3923 .

168 3977 399 4068 grandiloquo
419 3978 608 4067 pandebat,
624 3975 721 4044 velut
735 3979 861 4063 mysta,
879 3971 1035 4042 carmine
1052 3974 1224 4037 nocturno

1088 4089 1107 4145 o
