2782 4576
667 338 826 400 ..12-

209 472 388 562 exemplar
408 471 445 540 in
461 476 580 540 mente
595 471 822 540 Atheniensis
842 470 1042 563 philosophi
1057 472 1162 542 fuerit
1176 493 1264 543 con-

207 589 345 674 ssatum3
363 608 457 678 saepe
473 588 568 658 enim
584 587 695 657 critici
711 589 875 658 dixerunt
892 589 1066 680 quomodo
1081 591 1174 661 vitiis
1190 611 1265 662 suae

207 706 354 777 civitatis
367 705 523 775 offensus
539 705 583 774 ad
593 705 801 795 Spartanam
817 705 935 775 animo
948 707 1049 796 quasi
1060 708 1267 799 confugeret

207 830 242 894 et
252 843 321 914 quo
332 822 447 891 studio
457 822 665 891 virillevere
676 821 939 912 Pythagoraeus,
951 824 1174 912 geometricae
1183 824 1265 895 doc·

207 934 1266 1029 trinaeamans,immobiles(utcredebat)AEgyptilegescom-

180 1094 184 1103 ·
207 1053 430 1142 plecteretur.
447 1051 538 1122 Satis
553 1051 656 1121 nobis
667 1051 711 1120 sit
725 1050 912 1142 paucishis
927 1052 1045 1122 verbis
1064 1051 1263 1144 significare

208 1168 327 1237 omnia
349 1167 427 1237 haee
448 1187 555 1257 quam
578 1167 671 1235 inter
694 1187 733 1236 se
757 1167 958 1236 cohaereant
979 1189 986 1233 :
1005 1167 1138 1236 scilicet
1161 1167 1268 1236 indis·

207 1286 303 1351 creta
316 1281 369 1351 rei
389 1280 498 1350 civilis
508 1281 655 1351 scientia
670 1288 774 1372 atque
789 1300 860 1366 ars,
877 1282 1010 1352 Ethieae
1025 1280 1167 1372 politica
1181 1280 1265 1352 sub·

205 1401 311 1489 Jecta‚
333 1399 486 1489 denique
506 1399 621 1468 omnis
643 1398 794 1501 publicae
818 1399 900 1468 vitae
920 1398 1105 1488 disciplina
1133 1404 1266 1469 aeterno

208 1521 312 1607 atque
329 1513 489 1585 absoluto
510 1514 651 1585 cuidam
666 1513 858 1604 exemplari
872 1513 1082 1584 assimulata.
1102 1512 1193 1583 Illud
1211 1520 1266 1584 est

208 1630 362 1701 Platonis
380 1629 532 1721 politicae
542 1650 624 1699 vere
633 1630 815 1720 proprium
828 1650 837 1714 ;
851 1628 938 1698 illud
951 1634 1018 1697 stat
1030 1629 1147 1698 omnis
1161 1649 1267 1720 quam

214 1746 408 1837 exposituri
422 1765 545 1816 sumus
561 1745 730 1815 doctrinae
743 1745 832 1814 ratio
845 1765 885 1814 ac
897 1744 1029 1814 lumen.
1130 1801 1133 1804 .

735 2023 747 2092 1

296 2244 344 2298 De
357 2229 533 2309 principiis
550 2241 712 2296 decimae
727 2239 872 2306 politicas
887 2239 978 2304 apud
995 2232 1179 2295 Platonem.

255 2494 506 2566 Describamus
522 2512 605 2584 ergo
616 2493 685 2562 hoc
700 2491 858 2600 divinum
873 2491 1054 2582 exemplar
1068 2491 1162 2583 quod
1173 2493 1217 2563 sit
1233 2497 1268 2562 et

215 2610 309 2681 unde
330 2609 473 2680 oriatur.

157 2788 160 2793 .
255 2727 338 2797 Non
358 2732 411 2796 est
432 2726 469 2794 in
494 2725 631 2795 civitate
655 2721 888 2814 quaerendum
915 2741 1022 2812 quam
1044 2723 1202 2815 dialogus
1217 2726 1268 2795 De

212 2831 406 2932 Republica
438 2842 629 2932 inscriptus
668 2839 837 2930 depingit.
865 2839 941 2909 Hoc
971 2840 1063 2909 enim
1087 2841 1124 2909 in
1147 2847 1267 2911 octavo

211 2958 317 3047 hujus
345 2955 434 3025 libro
459 2955 645 3046 legimus:
679 2975 696 3021 a
725 2953 943 3043 Repetamus
970 2954 1043 3043 Jam
1077 2953 1173 3022 unde
1200 2953 1269 3023 huo

214 3073 362 3164 digressi
375 3093 509 3159 sumus
525 3077 564 3142 ut
578 3092 642 3163 per
657 3070 782 3141 eadem
800 3089 923 3139 rursus
932 3071 1205 3160 proficiscamur.
1226 3110 1267 3122 -

212 3187 493 3283 Haudquaquam
511 3185 650 3257 difficile
664 3185 770 3257 istud.
791 3187 918 3261 Ferme
931 3184 1026 3253 enim
1045 3185 1270 3274 quemadmo-

215 3305 299 3374 dum
323 3325 418 3374 nunc
442 3305 542 3395 quasi
576 3304 619 3373 de
650 3305 787 3375 civitate
813 3303 897 3374 satis
925 3303 1071 3393 egisses,
1098 3302 1267 3393 adjecisti,

215 3420 309 3512 quod
321 3420 429 3492 talem
447 3422 622 3492 civitatem
638 3421 768 3491 honam
786 3440 931 3490 vocares
952 3419 1094 3510 qualem
1111 3420 1269 3510 descrip-

216 3537 546 3627 suasionemque
568 3536 680 3607 virum
699 3537 912 3627 quicumque
929 3522 1023 3606 illius
1046 3535 1135 3604 foret
1155 3535 1267 3625 persi-

216 3651 309 3722 milis
329 3679 336 3720 :
359 3673 468 3743 quum
480 3659 600 3724 tamen
615 3673 739 3743 posses
757 3652 882 3741 adhuc,
899 3659 938 3724 ut
958 3652 1132 3744 apparuit,
1147 3649 1270 3721 melio·

215 3788 292 3840 rem
320 3769 494 3840 civitatem
527 3771 710 3861 virumque
740 3770 872 3840 referre
908 3769 971 3859 (l).
1005 3793 1022 3839 u
1050 3769 1092 3840 ln
1121 3764 1270 3859 Legibus

246 3993 281 4057 tt)
298 3996 354 4056 tit,
367 3993 395 4044 d.
415 4019 443 4031 -
460 3991 519 4044 Vid.
534 3992 611 4044 etiem
624 3997 679 4058 iia,
693 4009 708 4044 a
722 3997 747 4044 et
761 4006 819 4058 sqq.
