2782 4576
574 306 738 368 ...23-

124 443 181 507 tus
201 438 343 508 turbine
362 440 516 509 senescit
536 439 807 531 intabescitque.
826 461 844 507 c
867 440 920 508 Ex
938 441 995 510 his
1015 441 1180 513 omnibus

127 553 317 623 dicendum
347 559 401 622 est
432 553 606 623 mundum
629 574 747 643 neque
773 575 812 623 se
836 555 953 644 ipsum
975 561 1180 626 convertere

127 689 281 758 semper,
313 689 431 759 neque
458 675 571 739 totum
598 690 740 760 semper
768 671 908 761 gemine
934 671 1180 761 contrarioque

127 785 275 855 circuitu
295 785 351 855 -ab
385 787 463 875 ipso
496 788 571 854 Deo
601 785 757 874 reflecti,
789 806 906 876 neque
933 807 1058 856 rursus
1092 787 1181 856 duos

126 904 212 972 deos
232 905 416 973 contrariis
438 905 622 974 sententiis
640 904 759 993 ipsum
779 910 930 973 vertere.
955 904 1077 974 Solum
1096 926 1179 974 vero

126 1021 221 1110 quod
243 1041 358 1110 nuper
384 1021 555 1107 diximuS,
581 1026 711 1108 restat,
740 1021 825 1091 alias
859 1022 903 1091 ab
934 1022 1001 1092 alia
1029 1023 1180 1112 quadarn

127 1134 245 1203 divina
258 1136 293 1203 vi
307 1135 399 1221 duci,
414 1137 591 1226 vitamque
605 1157 729 1205 rursus
749 1137 967 1206 extrinsecus
981 1138 1182 1208 venientem

128 1258 163 1320 et
184 1251 482 1321 immortalitatem
504 1254 548 1321 ab
573 1253 697 1342 opifice
721 1273 785 1321 suo
811 1259 1046 1342 praeparatam
1069 1255 1183 1324 susci-

128 1388 213 1455 pere
250 1394 258 1434 :
294 1368 379 1436 alias
406 1375 524 1437 autem
559 1367 699 1458 quaudo
728 1368 894 1438 dimissus
926 1371 1090 1454 recurrit,
1119 1392 1184 1462 per

130 1485 288 1574 seipsum
309 1505 451 1554 currere
477 1485 541 1575 (l).
561 1507 579 1554 »
599 1486 692 1576 Ergo
713 1485 843 1573 anima,
869 1487 1082 1577 principium
1102 1489 1182 1558 vitae

128 1600 256 1682 omnis,
280 1601 499 1669 extrinsecus
518 1601 556 1668 in
578 1621 705 1690 corpus
724 1601 846 1669 vivens
865 1600 1065 1690 descendit;
1087 1623 1179 1693 quae,

129 1716 344 1805 ubicumque
368 1716 501 1805 sedeat,
518 1717 624 1785 vitam
649 1716 723 1785 sola
743 1717 918 1788 machinae
941 1718 1052 1788 instar
1075 1719 1184 1790 sabri-

132 1838 188 1903 cat
202 1852 242 1901 ac
256 1833 357 1922 regit.

173 1947 307 2017 Verum
335 1948 446 2017 series
467 1947 672 2016 animalium
699 1947 825 2016 iisdem
851 1947 930 2016 tatis
954 1952 1027 2016 tota
1052 1947 1181 2038 agitur3

131 2087 260 2156 nempe
283 2067 322 2134 in
345 2067 520 2134 immenso
547 2085 668 2133 rerum
696 2085 813 2148 nexu,
848 2064 1001 2133 annulus
1034 2066 1184 2155 quisque

131 2182 323 2273 superioris
347 2183 392 2250 ad
407 2182 558 2272 effigiem
579 2181 816 2250 conformatur
838 2187 876 2249 ut
894 2201 958 2269 pro
979 2180 1069 2248 virili
1085 2186 1183 2270 parte

131 2305 292 2370 naturam
318 2301 443 2389 primae
480 2299 643 2368 essentiae
672 2296 807 2366 reddat.
838 2297 916 2378 Quo
945 2297 1052 2386 igitur
1083 2301 1185 2386 pacto

132 2422 226 2490 Deus
240 2421 415 2490 mundum
433 2419 625 2504 fabricavit,
650 2416 804 2487 mundus
827 2416 991 2484 animalia
1013 2416 1052 2491 in
1075 2435 1113 2483 se
1132 2415 1185 2482 vi·

132 2543 249 2612 rentia
271 2541 418 2610 fabricet
441 2561 588 2610 necesse
611 2544 677 2621 est,
704 2544 809 2627 atque
834 2536 959 2603 eodem
982 2540 1084 2624 pacto
1109 2535 1185 2603 ani-

131 2679 210 2727 mus
227 2658 376 2748 quisque
397 2657 453 2725 vel
472 2656 689 2724 humillimus
711 2652 908 2736 materiem,
935 2650 973 2716 in
989 2669 1094 2737 qnam
1112 2651 1183 2718 vim

134 2795 235 2843 suam
270 2776 372 2864 quasi
407 2774 577 2856 infundit,
616 2769 846 2839 administret.
880 2765 1112 2853 Consequitur
1145 2772 1186 2834 ut

134 2897 337 2965 societatem
353 2911 495 2960 ornnem
510 2887 719 2958 animalibus
733 2887 933 2975 concretam
947 2900 1039 2949 unus
1055 2880 1185 2969 optime

135 3013 259 3081 deceat
269 3007 571 3092 vivendimodus,
589 3004 721 3075 scilicet
740 3001 784 3070 ab
799 3020 871 3068 uno
885 3003 1023 3067 rectore
1038 2995 1184 3083 impelli,

135 3130 196 3221 qui
217 3134 345 3198 cuncta
368 3147 462 3197 unus
483 3124 673 3214 provideat,
693 3127 798 3208 utque
821 3115 990 3205 impediat
1010 3133 1056 3180 ne
1075 3111 1186 3180 moles

134 3249 193 3318 illa
206 3253 333 3316 natura
347 3241 580 3331 incomposita
594 3235 821 3307 retrocedens
835 3237 915 3300 ruat
927 3232 965 3298 in
980 3228 1184 3320 perniciem.

179 3364 346 3448 Quamvis
381 3374 464 3450 ergo
498 3358 597 3427 Plato
623 3353 765 3423 misceri
791 3371 831 3420 ac
857 3347 1047 3439 temperari
1076 3345 1188 3413 socie·

134 3485 214 3553 tatis
243 3453 408 3550 humanae
432 3475 607 3546 contraria
631 3473 806 3542 elementa
826 3466 920 3552 velit,
950 3463 1084 3533 scilicet
1108 3481 1187 3531 cor-

136 3623 202 3693 pus
228 3609 264 3670 et
291 3599 462 3680 animam,
489 3593 648 3684 quamvis
677 3589 721 3659 ad
744 3585 966 3657 harmoniam
992 3579 1104 3670 magis
1121 3578 1189 3647 hac

136 3717 350 3789 admixtione
384 3717 543 3802 spectare
575 3706 735 3776 videatur
763 3723 868 3794 quam
895 3699 939 3770 ad
969 3694 1112 3767 alterius
1145 3692 1189 3761 da

169 3969 203 4032 (t)
217 3966 357 4027 rouuuu,
369 3916 424 4026 rar,
435 3976 457 4012 e.
