2782 4576
602 355 742 414 „9-

137 486 222 554 alias
233 487 271 555 in
286 486 431 555 clariore
444 486 521 554 loco
534 490 634 555 curet
645 486 834 576 inspicere,
850 486 985 557 sedicet
995 488 1061 558 sub
1071 489 1190 579 specie

138 599 303 690 exempli,
315 601 398 669 dein
410 600 552 689 quodin
563 599 722 690 exemplo
731 601 920 689 invenerit,
933 601 978 669 ad
987 622 1064 670 rem
1076 602 1190 692 ipsam

135 715 334 787 transferat.
352 717 526 803 «Nonne,
545 717 660 806 inquit
676 717 894 808 Alienigena,
911 718 995 786 satis
1007 719 1075 788 hoc
1095 739 1192 788 com·

134 832 416 921 prehendimus?
438 833 538 901 Tunc
559 832 723 902 videlicet
745 833 946 923 exemplum
975 835 1059 904 oriri
1082 857 1192 925 quum

135 946 343 1036 quodidem
368 950 486 1019 estin
518 949 684 1019 alterutro
712 953 872 1040 sejuncto
899 956 996 1021 recta
1027 952 1190 1042 opinione

134 1070 344 1156 conceptum
357 1072 393 1137 et
401 1067 542 1158 utrique
554 1067 869 1154 accommodatum,
882 1087 991 1136 unam
1006 1067 1190 1137 ambomm

134 1181 367 1250 communiter
381 1182 584 1272 opinionem
594 1182 686 1272 parit
700 1180 780 1270 (nt
796 1203 813 1249 n
833 1182 944 1251 Recte
959 1182 1188 1273 philosophus

132 1294 201 1363 hoc
219 1296 324 1366 modo
345 1317 390 1364 ex
409 1297 546 1365 minore
568 1295 614 1364 ad
635 1297 761 1383 majuS,
785 1315 830 1364 ex
848 1295 981 1385 majore
1006 1295 1051 1364 ad
1072 1284 1190 1366 minus

134 1412 309 1500 transibit,
334 1412 524 1482 dummodo
557 1432 746 1482 commune
774 1411 961 1481 amborum
994 1432 1106 1501 genus
1131 1415 1187 1482 sit.

133 1525 261 1598 Omnia
276 1532 395 1598 autem
409 1528 525 1620 quoad
544 1529 719 1598 elementa
736 1528 848 1618 paria.
864 1526 967 1598 Unde
987 1527 1028 1596 fit
1040 1534 1081 1597 ut
1092 1548 1193 1597 mun·
1217 1533 1220 1535 “

133 1642 218 1713 dum
244 1644 375 1713 seriem
409 1645 621 1715 immensam
647 1645 842 1732 imaginum
873 1643 1016 1712 alterius
1043 1643 1190 1713 alteram

131 1757 342 1828 imitantium
355 1760 470 1850 possis
487 1781 527 1830 re
546 1762 624 1850 ipsa
636 1760 781 1829 habere.
801 1759 916 1842 Quam
933 1758 1129 1827 doctrinam
1149 1760 1188 1828 in

135 1871 261 1942 iimoeo
281 1872 381 1943 Plato
394 1874 520 1965 amplis
538 1873 656 1943 verbis
670 1874 835 1964 patefecit
853 1893 861 1939 :
890 1872 991 1962 fingit
1008 1871 1068 1941 hic
1091 1871 1188 1942 Deus

131 1989 304 2059 mundum
337 1990 542 2060 sensibilem
568 1990 614 2060 ad
644 1990 757 2058 instar
790 1988 915 2058 mundi
941 1987 1182 2078 intelligibilis,

130 2104 225 2175 Deos
244 2107 401 2177 sidereos
421 2107 465 2176 ad
491 2109 603 2177 instar
625 2106 762 2193 mundi,
788 2105 942 2174 hominis
968 2105 1122 2173 animam
1143 2106 1188 2174 ad
1300 2103 1307 2122 “

129 2219 241 2290 instar
252 2223 425 2310 Deomm3
438 2225 488 2294 ita
497 2230 537 2294 ut
551 2224 646 2316 quod
662 2224 706 2293 ad
721 2224 925 2294 societatem
942 2222 1078 2310 attinet,
1091 2222 1186 2290 simi·

29 2375 33 2381 ·
129 2337 210 2406 liter
222 2338 419 2409 humillima
440 2341 721 2412 coelestissimam
740 2339 865 2410 reddat
887 2343 992 2430 atque
1014 2339 1182 2408 imitetur.
1322 2442 1325 2447 Α

128 2454 212 2524 lure
225 2456 333 2547 igitur
355 2459 586 2551 philosophus
604 2461 777 2551 imagines
801 2458 923 2549 plures
951 2457 1142 2544 civitatum,
1165 2477 1186 2525 a

130 2590 270 2642 summo
288 2573 612 2667 exemplari'magis
627 2596 669 2646 ac
686 2576 799 2666 magis
820 2574 1044 2645 discedentes
1066 2575 1184 2664 expri-

128 2692 225 2756 mat:
244 2690 345 2780 quod'
365 2688 465 2761 Plato
493 2691 609 2763 effecit
641 2693 735 2783 ipse,
765 2691 908 2760 tertium
934 2710 1043 2782 quum
1068 2689 1186 2779 iunxit

128 2804 285 2875 secundo
303 2807 492 2899 dialogum.
909 2894 919 2911 .

175 2927 310 2997 Forsan
324 2925 559 3018 interrogabis
574 2927 659 3018 quid
672 2928 770 3017 juvet
781 2924 963 2995 Platonem
988 2925 1181 2995 deformem

126 3047 220 3115 hanc
235 3045 428 3136 imaginem
445 3045 547 3115 nobis
568 3044 754 3115 ostendere
778 3071 786 3110 :
809 3044 983 3113 civitatem
1003 3041 1181 3112 sciliceta
1306 3081 1308 3085 -

126 3164 245 3234 multis
261 3163 504 3254 gubernatam,
521 3163 684 3232 electosa
698 3161 831 3231 civibus
841 3161 1077 3253 magistratus,
1087 3161 1181 3230 bona

127 3280 258 3371 cuique
267 3280 410 3372 propria
428 3301 436 3349 :
455 3298 534 3370 quae
549 3278 692 3347 omnino
706 3283 813 3346 rectae
829 3275 1033 3367 reipublicae
1050 3275 1180 3345 abhor-

125 3375 239 3467 rentia
262 3396 437 3488 prioribus
459 3397 498 3465 in
520 3395 619 3465 libris
648 3394 877 3463 dictitaverat.
909 3393 954 3462 At
977 3392 1034 3461 hic
1065 3394 1180 3463 omnis

65 3555 68 3558 -
124 3511 276 3601 politicae
292 3511 460 3581 doctrinae
485 3530 591 3601 quam
616 3509 822 3600 inspicimus
842 3527 926 3577 vera
946 3507 1054 3576 facies
1079 3506 1179 3575 dete·

125 3628 354 3718 giturzunice
367 3627 517 3697 enimad
525 3627 688 3696 homines
698 3627 863 3695 virtutem
875 3622 1052 3694 docendos
1065 3623 1178 3693 tendit

124 3744 224 3815 Plato
236 3757 365 3836 :quam
379 3745 523 3836 quidem
541 3750 660 3836 sperat
671 3743 798 3813 melius
812 3741 855 3812 iri
872 3745 1068 3832 acceptum,
1089 3740 1120 3809 si
1133 3739 1178 3807 sit

155 3986 256 4052 (rima,
271 4002 293 4039 e.
358 3919 368 4027 ⁴-
