2782 4576
662 340 822 402 ..73-

218 475 304 545 tiam
322 480 457 543 naturae
480 475 615 542 inesse.
640 471 824 540 Civitatem
854 489 938 560 ergo
964 474 1070 543 simul
1092 476 1212 546 vivere
1240 484 1279 548 et

218 592 352 681 impelli
380 591 599 660 extrinsecus
620 610 692 658 non
715 589 851 657 videtur
871 588 920 657 illi
946 593 1169 662 contrarium.
1188 593 1279 664 Inde

220 706 324 774 toties
338 704 481 772 inducta
494 703 611 773 Patria
627 703 766 793 spirans
785 708 889 792 atque
904 703 1065 794 loquens,
1080 727 1153 776 non
1167 708 1280 778 veluti

218 820 315 911 leges
328 821 365 888 in
388 821 531 889 Critone
547 819 683 908 poetice
704 839 745 886 ae
764 839 827 907 per
840 819 971 907 jocum,
991 814 1054 890 sed
1069 824 1159 892 serio
1174 826 1279 913 quasi

219 959 371 1028 persona
390 958 472 1006 vere
497 938 659 1006 animata.
686 935 816 1004 Omitto
830 936 925 1006 huuc
940 937 1056 1026 ipsum
1069 960 1112 1007 ex
1131 940 1280 1010 Critone

218 1052 352 1137 locum3
370 1053 428 1120 alii
442 1072 513 1120 non
529 1048 646 1119 minus
659 1057 778 1141 aperte
795 1072 870 1119 rem
885 1050 1082 1141 significant
1098 1074 1115 1120 r
1132 1053 1222 1122 Cum
1233 1076 1279 1125 ea

219 1169 329 1257 regio,
345 1191 362 1235 n
384 1167 478 1257 quod
503 1167 629 1235 dieitur
656 1167 694 1235 in
715 1166 878 1256 Leuibus,
905 1169 1049 1257 «patria
1077 1170 1133 1256 sit,
1163 1173 1279 1260 magis

215 1285 312 1353 illam
341 1285 456 1352 colere
484 1283 615 1352 debent
639 1304 744 1373 quam
777 1284 839 1351 filii
859 1290 1020 1353 matrem.
1053 1285 1138 1353 Haec
1163 1288 1276 1375 enim,

220 1422 329 1491 quum
352 1402 425 1469 Dea
444 1402 500 1487 sit,
524 1400 666 1469 domina
687 1402 890 1469 mortalium
916 1407 969 1470 est
984 1401 1048 1490 (l).
1068 1424 1085 1470 u
1102 1403 1277 1484 Quaenam

221 1539 301 1587 vero
317 1518 415 1587 Dea‘l
430 1518 571 1586 Scilicet
593 1539 664 1586 una
686 1538 728 1585 ex
751 1519 882 1585 animis>
899 1538 978 1606 quae
999 1525 1125 1587 cuncta
1148 1527 1278 1609 suopte

218 1641 315 1704 motu
328 1635 515 1724 impellunt
534 1640 568 1702 et
587 1655 708 1702 secum
723 1634 875 1702 invicem
890 1636 1029 1703 sociatae
1045 1656 1151 1703 unam
1166 1638 1277 1705 totius

220 1751 343 1819 mundi
353 1751 507 1819 animam
524 1750 723 1818 conficiunt.
737 1749 861 1818 Omnis
876 1750 951 1818 haec
967 1750 1124 1818 doctrina
1135 1750 1276 1820 decimo

217 1867 350 1957 Lepum
368 1869 404 1936 iu
424 1868 513 1936 libro
537 1867 602 1936 tibi
627 1866 804 1950 adeunde3
828 1868 939 1956 magis
964 1868 1059 1934 enim
1083 1865 1194 1936 ellusa
1220 1871 1278 1936 est

220 2005 325 2075 quam
344 1991 383 2052 ut
399 1985 574 2072 possimus
595 1983 799 2051 adverbum
815 1983 957 2051 referre.
976 1983 1033 2051 Sic
1053 1990 1170 2051 autem
1186 2003 1276 2052 cou-

219 2100 381 2182 cluditur,
404 2121 444 2168 eo
459 2100 603 2189 quidem
622 2099 726 2167 modo
742 2119 811 2187 quo
833 2097 937 2167 simul
956 2119 1064 2167 unam
1081 2114 1211 2190 genere
1232 2119 1276 2168 ac

149 2269 157 2281 1
218 2237 366 2285 munere
387 2216 617 2305 multiplicem
638 2237 717 2283 esse
736 2216 889 2284 animem
908 2216 1132 2306 intelligatur.
1150 2237 1167 2284 r
1185 2217 1276 2284 Ani-

217 2354 311 2401 mam.
328 2339 454 2402 cuncta
466 2333 724 2423 gubernantem
743 2339 778 2400 et
797 2334 834 2400 in
853 2333 1016 2401 omnibus
1031 2354 1110 2422 quae
1124 2348 1275 2402 moven-

221 2457 278 2520 tur
292 2451 510 2519 habitantem
525 2471 643 2518 nonne
665 2456 699 2518 et
712 2450 838 2518 coelum
860 2450 1056 2540 gubernare
1071 2452 1276 2520 necessario

223 2566 548 2636 confitebimur‘l—
561 2565 725 2634 Omnino.
747 2604 789 2617 —
811 2567 925 2634 Unam
946 2566 1052 2655 igitur
1066 2587 1111 2634 an
1127 2566 1276 2655 plures‘l

215 2683 340 2750 Plures
365 2689 460 2751 certe
482 2688 521 2750 ut
545 2703 609 2771 ego
629 2702 692 2771 pro
709 2682 806 2750 vobis
822 2681 1070 2769 respondeum.
1088 2683 1163 2750 Nec
1182 2703 1275 2772 pau-

213 2800 326 2867 ciores
347 2817 453 2886 quam
477 2797 562 2864 duas
579 2816 713 2886 ponere
730 2796 912 2882 debemus,
934 2816 1043 2864 uuam
1058 2798 1270 2876 beneficam,

213 2915 422 2983 contrariam
447 2912 605 2980 alteram.
629 2912 739 2980 Recte
762 2913 962 2980 admodum.
990 2913 1162 2982 Universa
1186 2935 1274 3006 ergo

213 3051 292 3120 quae
319 3028 468 3097 incaelo
495 3032 589 3114 sunt,
614 3028 747 3117 quaein
773 3035 878 3115 terra,
906 3049 982 3117 qum
1006 3029 1043 3096 in
1068 3030 1170 3112 mari,
1195 3032 1273 3099 auis

212 3146 367 3215 motibus
393 3145 510 3211 anima
532 3144 651 3211 ducit:
673 3144 800 3232 quibus
819 3145 963 3211 nomnia
978 3150 1061 3212 sunt
1073 3146 1168 3226 velle,
1184 3165 1271 3213 ron-

210 3263 381 3347 siderare,
395 3280 536 3345 curere,
553 3261 766 3344 consultare,
781 3263 871 3327 ructa
882 3261 913 3327 et
926 3280 996 3327 uon
1009 3263 1099 3328 reete
1111 3263 1271 3352 opinari,

212 3378 340 3455 laetu-rt,
371 3377 498 3460 dolere,
525 3375 665 3462 audire,
691 3379 864 3458 metuere,
888 3376 1014 3458 odisse,
1042 3377 1205 3465 diripera
1235 3384 1272 3446 et

213 3492 349 3562 caeteris
365 3496 537 3580 praeterea
551 3491 704 3558 mutibus
726 3491 901 3571 omnibus,
924 3493 982 3581 qui
1005 3492 1129 3560 horum
1145 3492 1270 3561 affines

212 3609 385 3698 primique
401 3612 495 3690 sunt,
510 3606 604 3694 quod
620 3611 654 3674 et
668 3606 842 3674 secundos
857 3627 1045 3696 corporum
1060 3614 1175 3676 motus
1190 3628 1269 3677 sus-

212 3726 382 3816 cipientes
398 3723 517 3792 omnia
534 3722 814 3813 inaugmentum
840 3724 1175 3814 decrementumque
1186 3745 1266 3814 per-

243 3989 277 4055 (1)
292 3989 330 4039 De
339 3987 456 4054 Lepibus,
466 3989 519 4046 tm,
533 4001 557 4036 a.
