2782 4576
679 322 836 383 ..50-

229 479 301 548 cer,
319 461 433 546 jecur,
455 457 661 545 cerebellus‚
680 457 777 527 illine
793 458 931 544 domus,
945 459 1057 558 vicus,
1074 460 1208 530 civitas.
1228 461 1288 532 Sic

228 576 372 645 demum
391 581 515 665 tanges
544 574 746 643 societatem
773 573 915 642 animali
942 575 1089 662 spiranti
1118 576 1285 665 similem,

227 692 374 761 materia
389 691 610 778 simulatque
628 689 745 758 anima
760 695 973 777 concretam,
987 690 1098 758 oeulis
1112 691 1285 760 manifes-

227 812 310 893 tam,
328 807 477 896 positam
492 806 527 873 in
549 805 680 875 medio,
695 805 758 874 Sin
773 805 885 888 aliter,
902 825 943 873 ac
956 806 1042 874 velis
1060 806 1247 895 qualitates
1264 829 1286 876 a

223 923 330 991 rebus
351 923 549 1011 sejungere,
567 921 730 989 umbram
745 920 906 990 essentia
927 926 1031 1010 alque
1053 922 1284 991 simulacrum

227 1037 382 1105 finxeris.

273 1152 411 1221 Classes
434 1152 576 1241 quidem
593 1156 718 1220 natura
739 1150 930 1219 informata
945 1151 1109 1219 videntur
1127 1153 1157 1219 si
1176 1172 1285 1242 quos·

228 1267 309 1336 darn
341 1268 435 1336 locos
469 1268 624 1337 Platonis
658 1267 843 1356 adspicias.
869 1266 1038 1352 Aureum,
1064 1273 1284 1356 argenteum,

229 1404 368 1452 aeneum
387 1383 611 1472 ferreumque
627 1403 738 1472 genus
757 1387 900 1472 propter
917 1383 1058 1451 insitam
1081 1383 1148 1450 sibi
1170 1383 1286 1452 diver·

229 1519 304 1567 sam
327 1498 481 1567 indolem
506 1499 556 1566 sic
576 1499 812 1567 nominantur.
834 1498 910 1566 lam
936 1499 974 1565 in
992 1518 1132 1588 quoque
1152 1519 1284 1588 genere

227 1613 360 1682 similes
384 1614 484 1682 liberi
504 1614 710 1703 parentibus
734 1614 832 1680 nasci
860 1612 1023 1682 dicuntur
1045 1635 1052 1680 :
1074 1615 1132 1682 hic
1156 1620 1285 1683 natura

226 1749 347 1798 rerum
376 1750 541 1798 securum
568 1729 700 1817 absque
728 1728 905 1797 uoluntate
933 1734 967 1796 et
994 1735 1067 1797 arte
1094 1730 1283 1820 imperium

227 1851 378 1913 exercet.
396 1845 472 1913 Hoc
487 1865 571 1914 vero
591 1844 753 1913 attende:
770 1865 787 1911 ς(
805 1844 928 1912 Evenit
946 1852 1063 1912 autern
1080 1865 1283 1935 quanquam

226 1965 266 2028 ut
280 1981 323 2028 ex
343 1981 449 2029 aureo
470 1966 634 2029 nascatur
649 1966 837 2050 argenteus
858 1965 893 2029 et
915 1980 956 2028 ex
977 1966 1144 2050 argenteo
1164 1961 1285 2029 simili·

227 2082 281 2145 ter
301 2095 428 2144 aureus
449 2097 457 2143 :
481 2083 676 2165 caeteraque
697 2076 747 2144 ita
766 2075 932 2144 vicissim.
955 2075 1176 2165 Quapropter
1193 2077 1282 2165 ipsis

228 2191 447 2281 principibus
476 2197 511 2260 et
539 2192 653 2281 primo
682 2197 718 2259 et
749 2190 902 2259 maxime
932 2190 1027 2259 Deus
1057 2191 1214 2279 praecipit
1243 2198 1284 2260 ut

225 2305 355 2375 nullius
378 2307 431 2375 rei
455 2307 624 2395 majorem
650 2326 770 2375 curam
799 2306 1062 2394 custodiamque
1086 2306 1280 2394 suscipiant

226 2442 332 2511 quam
351 2428 527 2507 natorum,
545 2428 584 2491 ut
601 2423 808 2512 dignoscant
823 2421 907 2509 quid
922 2441 966 2489 ex
983 2428 1132 2511 quatuor
1145 2421 1200 2489 his
1212 2441 1282 2510 po·
1357 2491 1367 2498 ,

225 2538 415 2623 tissimum,
429 2538 568 2606 illorum
589 2536 714 2605 animis
735 2537 779 2604 sit
796 2536 1013 2623 immixtum3
1034 2543 1069 2605 et
1087 2536 1117 2604 si
1137 2538 1216 2625 quis
1236 2558 1282 2606 ex

224 2652 310 2742 ipsis
328 2660 491 2722 nascatur
506 2655 624 2722 aeneus
638 2658 697 2721 aut
711 2652 861 2752 ferreus,
878 2652 975 2721 nullo
990 2657 1091 2740 pacto
1108 2653 1280 2721 miserea-

224 2773 294 2855 tur,
309 2768 372 2836 sed
386 2768 558 2842 honorem
573 2768 624 2837 illi
637 2773 769 2837 natura
785 2769 1053 2836 convenientem
1069 2769 1280 2857 tribuentes,

222 2882 317 2952 inter
341 2883 483 2972 opifices
504 2883 560 2951 rel
585 2883 753 2973 agricolas
779 2884 926 2951 mittant.
949 2884 1157 2972 Rursusque
1180 2884 1210 2951 si
1234 2905 1281 2953 ex

216 2997 294 3066 -illis
311 3004 477 3073 nascatur
496 2998 622 3088 aliquis
637 3019 765 3067 aureus
779 2999 834 3067 vel
848 3005 1047 3088 argenteuS,
1064 3000 1281 3069 honorantes

224 3114 392 3183 extollant
412 3115 537 3203 partim
557 3115 700 3204 quidem
719 3115 757 3183 in
780 3115 955 3201 custodes,
973 3115 1098 3205 partim
1122 3115 1158 3181 in
1178 3116 1280 3183 auxi·

224 3227 342 3297 liarios
359 3228 422 3318 (1).
443 3252 460 3297 r>
477 3230 569 3320 Ergo
594 3231 818 3320 magistratus
843 3231 1120 3319 interpretantur
1145 3236 1281 3299 naturae

222 3345 438 3413 voluntatem
457 3352 560 3434 atque
585 3344 650 3413 soli
670 3344 825 3413 indolem
846 3345 1014 3433 cujusque
1038 3365 1146 3432 quum
1166 3346 1281 3413 nasci-

223 3463 281 3528 tur
307 3459 509 3548 dijudicant.
536 3460 621 3541 Quae
656 3459 807 3528 conditio
836 3466 941 3549 atque
971 3460 1068 3549 origo
1100 3461 1280 3550 propriam

226 3574 391 3672 classium
417 3577 572 3664 speciem
597 3575 730 3644 definit.
759 3575 839 3644 Non
871 3575 1003 3644 habent
1030 3576 1068 3644 in
1094 3595 1132 3642 se
1161 3581 1279 3644 motus

224 3689 450 3781 principium,
468 3697 503 3760 at
519 3691 736 3760 extrinsecus
751 3691 936 3780 accipiunt.
956 3691 1078 3760 Partes
1099 3696 1181 3760 sunt
1200 3710 1279 3759 ma·
1351 3741 1356 3751 ,

256 3965 290 4031 (l)
307 3967 342 4017 De
357 3967 426 4032 Rep„
442 3969 526 4032 ΗΜ
