2782 4576
583 342 741 404 -17-

136 477 228 547 tecto
250 477 393 546 animali
419 477 544 546 similis
574 484 669 547 esset
695 477 819 566 iactuS,
839 479 988 567 pulcher
999 485 1096 548 certe
1114 498 1185 548 non

136 600 242 664 esset.
259 595 371 664 Immo
386 616 470 665 vero
492 596 587 664 iltius
602 597 763 664 animalis
779 618 861 665 eum
877 597 1095 666 simillimum
1107 617 1186 666 esse

136 711 319 799 ducamus,
335 712 434 800 cujus
449 712 613 780 animalia
627 719 755 782 caetera
771 720 807 782 et
821 715 1011 805 singulati‘n
1027 722 1063 783 et
1076 735 1186 804 gene-

134 827 237 896 ratim
257 834 374 916 partes
393 834 486 896 sunt.
503 828 594 896 Illud
608 828 945 918 siquidemviventia
958 831 1088 918 omnia,
1107 849 1188 920 quae
1252 911 1257 916 .

136 942 210 1012 sola
223 950 341 1013 mente
351 945 604 1034 percipiuntur,
617 947 653 1012 in
666 947 783 1033 seipso
793 947 1048 1035 complectitur,
1061 967 1187 1036 quem-

136 1059 326 1128 admodum
354 1061 507 1129 mundus
528 1061 586 1129 hic
606 1081 671 1129 nos
693 1068 729 1130 et
755 1069 882 1131 caetera
902 1082 981 1152 quae
1001 1068 1193 1130 cernuntur

136 1176 538 1264 animaliacontinet(i).
557 1177 677 1245 »Hinc
687 1177 912 1245 finitarerum
924 1179 1034 1246 series
1045 1177 1188 1267 pendet,

135 1292 219 1362 dum
234 1294 341 1362 altera
360 1299 458 1383 parte
474 1295 511 1361 in
530 1292 705 1361 infinitum
716 1294 839 1382 vergit.

179 1405 334 1474 Mundus
352 1405 580 1494 intelligibilis
593 1405 755 1494 'perfecta
773 1406 934 1474 societas.
960 1405 1068 1473 Totus
1092 1405 1188 1472 enim

82 1496 93 1529 ⁷
136 1518 174 1585 in
187 1516 272 1586 Idea
292 1515 416 1600 Unius,
434 1518 628 1606 eademque
643 1518 737 1586 Boni
756 1519 1032 1606 continetur‚.ita
1050 1525 1090 1586 ut
1108 1539 1189 1586 eum

136 1638 232 1701 arcta
247 1639 353 1721 atque
367 1633 524 1722 undique
545 1634 728 1703 cohaerens
746 1634 910 1702 Amicitia
922 1635 1185 1723 complectatur.
1203 1625 1206 1628 ’

136 1748 242 1816 Nulla
255 1748 324 1816 nisi
338 1770 358 1816 e
372 1749 532 1836 pluribus
545 1750 662 1818 unitas
682 1749 774 1818 effici
789 1755 916 1840 potest.
932 1771 949 1816 u
965 1750 1077 1817 Prisci
1087 1750 1189 1817 nobis

138 1866 419 1954 praestantiores,
445 1865 582 1954 diisque
604 1867 799 1956 propiores,
827 1866 905 1935 haec
926 1865 1029 1934 nobis
1049 1864 1191 1933 oracula

138 1979 370 2066 tradiderunt,
392 2000 436 2047 ex
454 2000 526 2047 uno
549 1986 585 2047 et
603 1979 723 2048 multis
745 1986 908 2050 constare
928 1979 1190 2084 universaquae

138 2113 280 2182 semper
302 2113 381 2160 esse
404 2093 580 2182 dicuntur,
603 2095 865 2183 terminumque
891 2101 927 2163 et
952 2093 1128 2163 infinitum
1153 2094 1192 2160 in

138 2217 264 2278 nat-ura
276 2209 466 2278 habere...
487 2216 591 2300 atque
610 2211 728 2300 ipsum
746 2211 917 2301 principio
941 2232 1063 2298 unum,
1081 2229 1191 2278 unum

138 2325 319 2414 multaque
335 2331 369 2394 et
382 2325 520 2393 infinita
532 2346 610 2394 esse
625 2326 689 2413 (2).
714 2348 731 2393 n
746 2325 792 2393 At
807 2326 863 2394 hae
880 2331 999 2413 partes
1019 2345 1098 2414 quae
1118 2345 1190 2397 non
1241 2378 1248 2389 .

139 2446 221 2510 sunt
234 2441 381 2508 materia
395 2447 569 2509 concretae
584 2441 693 2508 altera
706 2439 806 2507 alteri
819 2440 956 2508 infestae
970 2439 1067 2507 nullo
1085 2439 1190 2508 modo

138 2576 217 2624 esse
235 2562 397 2643 possunt.
421 2556 598 2623 Docemur
621 2556 659 2622 in
679 2553 848 2643 Sophiste
868 2576 941 2623 non
968 2555 1092 2622 cadem
1112 2575 1191 2622 esse

138 2669 335 2739 diiterentia
366 2690 446 2760 quae
469 2671 656 2760 opposita:
683 2689 766 2759 ergo
796 2670 912 2757 aliqua
939 2668 1128 2737 similitudo
1157 2676 1193 2737 et

140 2786 506 2857 concordiarebusvel
522 2787 670 2855 diversis
683 2807 724 2854 ac
735 2807 856 2854 secum
867 2786 1066 2876 disparibus
1078 2791 1196 2874 potest

138 2904 269 2988 inesse,
291 2903 375 2970 dum
389 2923 461 2970 non
476 2902 546 2970 sint
562 2922 741 2992 corporeae
760 2907 895 2970 naturae
915 2903 1104 2991 participes
1125 2900 1190 2988 (3).

141 3019 182 3087 In
191 3020 349 3109 partibus
356 3026 474 3089 autem
489 3019 618 3101 summi
627 3018 791 3108 principii
804 3039 963 3087 summus
976 3018 1061 3086 ordo
1075 3017 1191 3100 lucet;

140 3136 262 3205 ordine
277 3137 371 3204 enim
388 3157 525 3222 carens,
540 3137 646 3204 etiam
660 3134 922 3225 pulchritudine
934 3142 1086 3221 vacaret,
1100 3134 1194 3222 quod

142 3253 186 3321 sit
200 3253 311 3320 netas.
334 3253 454 3321 Solum
476 3253 614 3321 Bonum
638 3272 679 3320 ac
694 3249 887 3319 Pulchrum
913 3251 980 3320 sihi
1003 3249 1131 3319 sufficit
1153 3270 1194 3318 ac

141 3370 230 3439 nulli
242 3370 385 3438 invidet.
405 3369 538 3438 Omnes
554 3390 637 3459 ergo
656 3375 773 3459 partes
792 3368 923 3437 summi
937 3367 1101 3458 principii
1113 3387 1195 3456 per-

141 3484 232 3554 fecte
251 3486 454 3554 concinunt.
476 3485 585 3552 Amor
600 3484 657 3553 sui
674 3485 713 3552 in
728 3503 767 3553 se
782 3502 956 3552 summam
970 3482 1141 3550 unitatem
1157 3483 1195 3549 in

143 3621 185 3671 eo
207 3600 358 3687 conficit,
374 3621 415 3669 ac
428 3600 641 3669 felicitatem.

186 3719 318 3789 Verum
336 3738 404 3788 nec
423 3717 578 3807 perfecte
591 3738 684 3786 unus
699 3735 767 3786 nec
782 3734 923 3804 semper
943 3713 1011 3784 sibi
1030 3720 1196 3784 constans

175 3973 183 4035 ζ
187 3971 209 4033 t)
223 3971 261 4020 Ex
277 3970 378 4031 Timeo,
391 3973 430 4031 3⁰,
445 3983 466 4014 c.
479 3993 510 4005 -
523 3966 558 4029 (2)
575 3965 685 4028 ruina,
699 3970 738 4019 td.
751 3981 772 4012 c.
787 3990 817 4001 -
831 3963 865 4027 (3)
881 3963 1014 4026 rodricus,
1029 3967 1084 4028 269,
1097 3922 1144 4014 df

1060 4053 1080 4112 2
