2782 4576
680 331 832 394 ..86-

224 468 306 538 da:
328 467 499 558 quidquid
524 467 619 535 enim
644 467 727 535 vivit
751 466 857 535 vitam
873 471 1043 556 quantum
1062 472 1178 556 potest
1205 488 1285 538 am·

221 584 405 675 plectitur,
427 603 493 652 neo
508 583 601 652 ullus
615 603 774 672 unquam
792 604 899 652 sanus
917 583 998 653 vitae
1021 583 1285 655 conditionibus

220 700 396 790 ‘praeclare
410 699 618 790 perspecte,
633 718 693 768 aas
705 719 746 768 ac
759 700 867 768 vitam
881 706 1005 790 sponte
1019 700 1164 789 rejiciet.

220 856 223 861 >
272 817 363 906 Ergo
385 816 531 884 scientia
549 836 669 884 rernm
692 815 845 884 cirillum
871 816 1034 886 omnibns
1059 815 1195 886 caeteris
1214 838 1283 909 par

223 937 300 1018 'est3
319 952 398 1020 quae
418 932 603 1001 materiem
618 952 687 1021 qua
710 938 847 1001 constat
867 953 886 1001 e
906 937 1032 1002 natura
1047 932 1184 1022 accipit,
1201 934 1281 1022 ejus

224 1049 362 1118 forman
382 1048 544 1118 stabilem
572 1049 819 1139 obsecratione¹
837 1049 979 1138 detegit,
1010 1069 1054 1117 er
1082 1069 1124 1117 ea
1150 1049 1278 1138 forma,

123 1196 127 1201 ·
222 1164 404 1234 ‘scilicete
444 1164 562 1255 legum
595 1185 763 1256 compage
798 1185 876 1253 qnae
912 1166 1019 1233 vitam
1053 1185 1282 1234 communem

220 1289 365 1372 regunt,
381 1281 540 1372 regulam
555 1282 638 1350 artis
662 1283 812 1371 politicae
834 1281 992 1350 (luctum.
1010 1280 1086 1364 Qua
1112 1281 1282 1353 methodo

225 1397 398 1488 neglecta,
413 1397 552 1487 politica
566 1397 724 1468 doctrina
740 1399 776 1466 in
789 1403 1002 1488 perpetuum
1015 1398 1107 1466 inter
1122 1398 1282 1487 peculia-

223 1515 318 1583 rium
338 1515 591 1583 sententiarum
605 1513 733 1584 fluctus
747 1515 883 1583 diversa
897 1515 1057 1604 agitetur.
1070 1513 1171 1596 Quod
1183 1516 1282 1586 enim

218 1621 353 1720 cuique
367 1630 497 1720 placuit
507 1651 571 1700 cur
581 1632 729 1720 quisque
741 1630 827 1699 illud
838 1637 1004 1698 aeternam
1016 1630 1105 1719 juris
1120 1631 1282 1720 regulam

218 1747 300 1815 nnis
316 1747 449 1816 civibus
469 1768 541 1816 non
564 1748 647 1815 velit
661 1748 808 1816 haberi‘l
821 1748 866 1815 nt
879 1767 937 1815 res
952 1753 1021 1816 stat
1039 1753 1120 1815 ante
1141 1747 1279 1832 oculoS,

226 1883 305 1953 quae
316 1858 508 1934 sententias
523 1864 678 1933 diversas
689 1865 823 1953 judicat
842 1883 883 1932 ac
908 1864 986 1932 lites
1003 1864 1193 1952 componit.

267 1981 347 2050 Neu
366 2002 448 2050 vero
470 1980 593 2049 credas
618 2001 674 2049 me
689 1981 810 2059 ldenm
828 2000 960 2072 negare
976 2000 1080 2071 qnam
1101 1980 1216 2070 gravis
1231 1983 1281 2052 sit

224 2105 260 2168 et
289 2118 358 2189 qua
391 2099 425 2167 vi
458 2104 595 2168 mentes
623 2098 799 2188 percellat.
832 2097 1064 2167 Communem
1091 2097 1280 2168 hominum

224 2216 428 2303 societatem
456 2215 645 2304 ldeapost
672 2234 709 2283 se
735 2215 853 2302 trahit,
877 2215 926 2283 ita
947 2219 986 2282 ut
1003 2233 1107 2303 quam
1124 2233 1278 2305 quaeque

223 2329 317 2398 natio
333 2329 448 2398 ideam
469 2329 537 2398 sibi
557 2328 665 2420 tingat
686 2349 728 2397 ea
752 2329 820 2398 sibi
837 2330 905 2398 lata
930 2349 1077 2398 necesse
1097 2333 1207 2419 paret.
1222 2310 1278 2400 'At

223 2466 301 2535 quae
319 2451 371 2516 est
384 2446 453 2514 ista
466 2446 641 2514 nisimera
652 2446 812 2537 cogitatio
828 2451 957 2514 statum
971 2453 1182 2536 presentem
1203 2468 1278 2516 om-

221 2563 325 2632 nibns
339 2562 494 2651 pulchris
515 2562 738 2630 lineamentis
754 2562 839 2630 alias
856 2562 1009 2631 collectis
1029 2568 1193 2631 ornatum
1214 2583 1276 2633 re-

221 2679 366 2748 ferens‘l
381 2679 468 2748 Inde
487 2680 646 2770 seqnitur
667 2684 706 2747 ut
721 2699 759 2747 re
774 2679 852 2769 ipsa
866 2679 969 2747 Mens
985 2680 1180 2748 communis
1195 2659 1275 2750 ritae

220 2795 431 2885 principium
454 2800 533 2864 stet.
565 2795 668 2864 Mens
697 2800 815 2864 autem
846 2815 919 2864 non
944 2800 1016 2864 tota
1043 2796 1099 2864 sui
1119 2796 1274 2886 conscia,

221 2911 320 3001 cujus
344 2931 508 3002 magnam
528 2917 666 3002 partem
687 2912 840 3000 impetus
868 2912 939 2980 sive
967 2933 1009 2979 ex
1035 2912 1229 2981 hereditate
1255 2934 1277 2982 a

220 3027 378 3117 patribus
394 3026 549 3115 relicum,
567 3027 638 3096 sive
659 3027 812 3117 exempli
836 3027 926 3097 viab
942 3027 1018 3097 aliis
1035 3029 1275 3117 transmiSSUS,

218 3144 292 3230 sive
318 3165 337 3212 e
365 3143 630 3212 commodorum
656 3144 884 3233 praesentium
906 3145 1125 3234 inspectione
1154 3150 1273 3234 natue,

216 3259 294 3348 jure
310 3259 376 3328 sibi
390 3259 552 3328 vindicat.
570 3260 728 3351 Impetus
744 3260 849 3351 igitur
863 3261 951 3329 ideae
973 3261 1166 3331 substantia
1193 3281 1276 3330 cum

220 3374 347 3444 Mentis
363 3375 571 3467 cogitatione
587 3375 743 3445 dimidia.

220 3577 221 3580 p
263 3492 463 3583 Interrogas
483 3512 564 3561 cum
579 3491 747 3582 Virgilio:

478 3647 543 3700 Dine
557 3648 628 3699 hunc
644 3648 764 3698 ardorem
773 3648 902 3698 mentibus
916 3647 1033 3713 addunt,-

423 3759 498 3778 .....
512 3741 545 3777 an
562 3741 609 3778 ena
622 3726 719 3794 cuique
733 3728 799 3779 lleus
814 3726 842 3776 tlt
854 3725 911 3778 dira
927 3725 1040 3790 cupido?

219 3867 331 3948 Quam
352 3873 486 3938 tantam
506 3869 605 3940 litem
627 3890 700 3940 non
719 3879 880 3943 nostrum
901 3880 955 3942 est
974 3875 1033 3944 hic
1052 3875 1158 3943 ciere.
1180 3871 1273 3941 Satis
1316 3905 1319 3912 ·

219 3984 284 4051 erit
298 4004 495 4055 memorare
509 3987 699 4075 perlectam
709 3987 801 4057 hanc
811 3989 1047 4060 Deinaturam
1059 4010 1164 4082 quam
1174 3992 1273 4080 cupi·
