2782 4576
564 328 722 390 -15-

108 462 325 552 civitatisque
360 463 461 532 istius
492 463 586 530 eires
618 463 766 533 efficiam
798 485 859 533 eos
888 465 948 553 qui
974 466 1082 553 prisci
1109 464 1160 533 illi

106 575 342 645 Athenienses
356 575 509 663 fuerunt,
524 598 612 666 quos
624 577 696 666 jam
706 578 898 647 exstinctos
914 598 1023 647 sacrae
1033 579 1160 667 AEgyp·

109 691 238 760 tiorum
252 693 378 762 litterae
402 693 440 760 in
466 693 582 761 lucem
600 694 788 762 etenebris
808 700 989 782 eruerunt,
1011 694 1099 762 adeo
1122 700 1162 762 ut

109 807 153 874 de
174 807 243 876 illis
258 809 425 898 deinceps
441 815 607 897 tanquam
631 809 675 878 de
689 811 868 879 veteribus
884 811 1161 879 Atheniensibus

109 919 323 989 verbafiant.
343 944 360 989 a
377 920 442 989 Cui
451 921 633 990 Socrates:
652 944 669 988 r
687 921 874 1012 Copiosam
888 928 924 991 et
939 921 1159 1012 splendidam

110 1037 354 1126 disputationis
376 1058 537 1107 mensam
556 1038 781 1127 apparavisse
801 1037 889 1105 mihi
909 1037 1039 1106 videris
1054 1037 1118 1126 (1).
1141 1062 1158 1105 a

109 1153 157 1222 Te
166 1156 360 1244 interrogo:
373 1175 459 1222 num
469 1154 576 1222 dubia
586 1174 644 1221 res
653 1153 729 1222 esti
740 1155 867 1222 Nonne
878 1160 974 1244 patet
985 1154 1022 1222 in
1036 1154 1163 1222 Timoeo

110 1270 248 1339 Platoni
278 1270 490 1339 destinatum
515 1270 717 1339 societatem
748 1270 891 1359 antiqua
916 1275 1019 1360 atque
1040 1270 1163 1338 eadem

110 1393 208 1455 nunc
222 1408 265 1456 er
282 1387 391 1456 oculis
406 1388 589 1477 hominurn
606 1387 721 1456 ablata
736 1388 1007 1456 Atheniensium
1025 1388 1163 1461 civitate

111 1506 267 1594 priorem
289 1506 504 1597 depingeret
527 1506 573 1573 At
591 1526 710 1574 nonne
727 1506 831 1594 paulo
852 1512 934 1573 ante
952 1505 1164 1594 Rempubli-

114 1641 193 1690 cam
207 1623 245 1690 in
264 1623 374 1711 priori
388 1623 525 1712 dialogo
545 1643 749 1711 expressam
769 1622 880 1690 veteri
898 1622 1165 1691 Atheniensium

114 1738 243 1807 civitati
256 1739 429 1828 aequavit‘l
447 1738 538 1828 Ergo
568 1738 718 1806 Timaeus
734 1739 933 1807 citeriorem
958 1736 996 1804 id
1014 1742 1068 1804 est
1081 1757 1164 1825 per-

112 1853 204 1923 fecto
218 1856 420 1945 propiorem
434 1875 541 1943 quam
564 1855 642 1923 haec
665 1854 867 1943 respublica
891 1859 979 1941 erat,
1009 1854 1165 1922 Deorum

116 1969 251 2039 scilicet
265 1976 394 2040 coetum
411 1971 514 2038 nobis
529 1971 725 2060 patefaciet.
753 1970 856 2052 Quod
875 1991 934 2039 res
958 1972 1036 2058 ipsa
1054 1971 1167 2038 valide

118 2082 311 2152 confirmat.

162 2197 228 2266 Hic
241 2198 336 2266 enim
350 2197 530 2266 cernimus
552 2204 683 2287 praeter
707 2199 883 2285 homines,
906 2199 1067 2268 mortalia
1089 2200 1165 2268 aui·

118 2313 236 2400 malie,
251 2335 330 2382 esse
345 2315 500 2382 Deorum
516 2336 641 2404 genus,
657 2316 774 2402 ipsum
792 2315 935 2403 quidem
950 2316 1166 2406 bipartitum.

118 2429 221 2498 Prior
241 2449 322 2518 pars
341 2429 497 2498 Deorum
527 2450 695 2520 vagorum
726 2437 762 2498 et
786 2430 956 2499 arbitratu
979 2452 1043 2499 suo
1061 2450 1169 2519 appa·

119 2544 273 2612 rentium
290 2563 380 2641 quos
409 2544 490 2612 colit
514 2545 649 2634 vulgus,
671 2565 738 2613 nec
758 2545 865 2613 audet
888 2544 987 2612 Plato
1012 2566 1032 2612 e
1053 2544 1171 2612 divina

120 2659 204 2728 sede
219 2660 407 2728 deturbare
422 2658 488 2748 (2).
506 2660 669 2729 Secunda
684 2662 839 2729 Deorum
856 2662 893 2727 in
909 2661 998 2729 coelo
1013 2659 1171 2728 ordinato
1283 2681 1289 2691 ·

120 2794 161 2841 ac
172 2773 347 2841 constanti
362 2794 470 2843 cursu
484 2772 717 2859 tendentium,
735 2773 796 2862 qui
811 2793 920 2860 quum
934 2773 1081 2841 materia
1098 2792 1171 2840 non

120 2890 192 2959 sint
214 2889 450 2958 indissolubili
477 2888 642 2979 praediti,
676 2895 796 2958 tamen
820 2888 999 2956 voluntate
1024 2909 1173 2958 summae

120 3005 293 3076 Potentiae
320 3010 466 3074 manent
491 3004 719 3074 immortales.
743 3027 761 3072 a
783 3005 903 3074 Divini
925 3004 1067 3096 quidam
1094 3005 1171 3074 ani·

121 3120 224 3189 malis
252 3120 407 3210 speciem
422 3140 468 3187 ex
493 3119 569 3210 igni
581 3120 736 3187 maxima
752 3140 795 3187 ex
811 3127 911 3209 parte
941 3120 1174 3209 componebat

123 3243 244 3305 auctor
267 3243 307 3304 ut
331 3235 656 3326 splendidissimum
679 3241 773 3303 esset
798 3236 946 3324 visuque
975 3234 1172 3323 pulcherri-

121 3374 232 3422 mum.
253 3353 412 3444 Cumque
425 3351 512 3419 illud
526 3352 681 3419 universi
696 3349 818 3441 figurae
832 3352 945 3420 simile
961 3350 1065 3418 vellet
1085 3349 1171 3435 lore,

122 3471 314 3556 rotundum
332 3469 426 3557 fecit,
446 3469 633 3559 posuitque
654 3467 693 3535 in
707 3467 820 3556 ipsius
839 3467 962 3557 optimi
982 3465 1174 3554 sapientia:

124 3591 229 3675 atque
244 3584 330 3654 illud
346 3584 569 3675 sequijussit‚
588 3583 792 3671 circumque
807 3601 912 3649 omne
923 3581 1052 3650 eoelum
1063 3579 1177 3646 distri-

123 3702 213 3788 buit,
246 3706 285 3770 ut
312 3721 417 3770 verus
439 3700 490 3768 illi
515 3700 647 3789 ubique
676 3719 719 3767 ex
752 3697 820 3766 hac
838 3698 1006 3766 varietate
1033 3702 1177 3765 ornatus

157 3974 473 4040 mma-mma
