2782 4576
653 328 810 392 ..18-

204 473 419 559 potestesse
442 467 595 538 mundus
624 468 683 539 hic
707 467 768 558 qui
790 466 899 536 oculis
925 466 1091 536 cernitur.
1117 467 1256 556 Nempe

205 584 369 653 materies
382 605 450 674 qua
464 584 647 655 conficitur
658 582 803 653 multam
818 582 868 652 illi
887 603 968 652 oum
988 588 1085 652 motu
1101 583 1256 652 dissimi-

203 697 386 770 litudinem
407 721 449 770 ac
463 700 590 770 deinde
609 701 812 770 varietatem
827 699 987 770 infundit.
1016 720 1033 767 d
1057 699 1156 768 Idem
1176 720 1256 769 esse

204 835 345 906 semper
364 823 399 887 et
413 817 608 887 secundum
624 816 760 905 eadem,
777 823 812 886 et
824 818 949 887 eodem
964 837 1002 886 se
1013 822 1110 886 motu
1122 816 1254 887 habere

203 934 285 1004 solis
314 936 471 1006 omnium
495 934 721 1008 divinissimis
746 936 926 1021 convenit3
953 935 1108 1026 corporis
1137 942 1254 1006 autem

204 1056 330 1122 natura
337 1052 442 1141 hujus
457 1052 590 1122 ordinis
600 1071 672 1121 non
684 1058 736 1121 est
750 1072 904 1141 compos.
919 1051 1091 1122 Caeterum
1101 1053 1254 1123 idemne

203 1168 298 1257 quod
317 1169 446 1238 coelum
465 1169 707 1258 mundumque
722 1189 900 1257 vocamus,
920 1171 1031 1239 multa
1051 1170 1194 1259 quidem
1219 1178 1254 1241 et

203 1282 317 1354 felicia
349 1304 497 1354 munera
523 1304 543 1353 a
567 1285 725 1375 genitore
754 1286 926 1375 suscepit;
954 1286 1110 1376 corporis
1135 1293 1255 1357 tamen

204 1403 379 1493 particeps
390 1422 516 1492 expers
526 1403 668 1502 omnino
682 1403 884 1472 mutationis
897 1403 1082 1492 cujuslibet
1094 1425 1255 1475 essenon
1305 1477 1309 1485 ,

203 1523 340 1609 potest:
358 1523 524 1606 attamen,
543 1518 659 1608 quoad
678 1523 804 1608 potest,
820 1519 859 1587 in
874 1519 998 1589 eodem
1015 1503 1254 1592 etseoundum

205 1636 330 1706 eadem
351 1642 385 1705 et
410 1656 481 1704 uno
505 1641 602 1705 motu
622 1640 809 1705 movetur:
832 1642 1045 1726 quapropter
1072 1638 1255 1708 circuitum

205 1757 259 1821 est
273 1751 434 1843 adeptus,
452 1751 490 1821 in
506 1773 574 1843 quo
589 1751 735 1821 minima
750 1751 946 1842 agitationis
961 1771 1034 1822 suae
1050 1753 1094 1822 sit
1112 1774 1254 1844 permu-

207 1867 289 1935 tatio
300 1865 364 1955 (1).
386 1888 403 1934 n
463 1886 466 1894 ·
1089 1865 1093 1874 '

247 1980 429 2083 Quomodo
453 1999 536 2070 ergo
557 1979 635 2068 ipsa
656 1980 693 2047 in
717 1979 998 2048 dissimilitudine
1028 1982 1181 2069 partium
1213 2003 1254 2052 ao

205 2119 310 2168 cursu
329 2116 449 2166 secum
467 2116 612 2165 concors
639 2114 680 2163 ac
705 2100 870 2164 constans
892 2115 970 2164 esse
992 2098 1136 2185 potest‘i
1155 2097 1257 2180 Quod

204 2213 303 2282 Plato
319 2210 355 2280 in
366 2211 550 2280 Alcibiade
564 2210 677 2299 primo
693 2209 750 2278 his
769 2209 885 2278 verbis
900 2211 1075 2300 patefecit.
1095 2233 1111 2279 d
1127 2213 1259 2282 Soand-

204 2348 268 2399 mcs
282 2352 289 2398 :
303 2328 474 2399 Civitas...
492 2331 721 2417 quo'remoto²
740 2347 852 2416 quove
867 2326 1020 2396 adhibito
1032 2328 1202 2399 meliorfit
1217 2351 1256 2400 ac

205 2443 331 2512 melius
350 2440 571 2510 instituitur?
585 2479 629 2490 -
643 2439 857 2509 Anommnns
876 2460 883 2508 :
902 2440 988 2508 Mihi
1004 2441 1147 2530 quidem
1161 2442 1255 2512 vide-

204 2565 273 2644 tur,
301 2556 485 2625 Socrates:
514 2555 654 2645 quando
678 2555 829 2624 amicitia
852 2560 905 2624 est
927 2555 1020 2623 inter
1043 2556 1155 2636 cives;
1178 2558 1258 2626 odia

204 2694 287 2744 vero
307 2679 342 2742 et
362 2672 552 2741 seditiones
568 2672 706 2741 absunt.
728 2711 773 2722 --
795 2672 876 2741 Sco.
900 2699 906 2739 :
928 2671 1126 2740 Amicitiam
1152 2694 1254 2742 vocas
1309 2718 1312 2724 -

205 2790 474 2861 consensionem
500 2809 544 2857 an
566 2789 849 2858 dissensionem?
868 2827 912 2839 -
930 2788 994 2856 An.
1016 2811 1023 2855 ε
1042 2788 1255 2859 Consensio-

208 2927 301 2976 nem.
312 2945 357 2956 -
369 2907 452 2975 Soc,
473 2906 562 2974 :Per
574 2927 679 2995 quam
689 2912 799 2975 artem
816 2907 971 2975 civitates
984 2907 1076 2975 circa
1090 2927 1257 2977 numeros

207 3000 455 3109 consentiunt?
482 3060 527 3072 -
553 3021 617 3090 An.
644 3044 651 3091 :
677 3008 752 3090 Per‘
779 3021 1045 3090 arithmeticam.
1072 3060 1116 3072 —-
1143 3022 1253 3092 Soc:

207 3138 337 3207 Privati
355 3157 438 3205 vero
454 3155 498 3204 an
512 3155 584 3203 non
599 3141 742 3225 propter
761 3135 884 3204 eadem
897 3136 914 3203 ‘t
929 3175 973 3186 --
990 3137 1054 3205 An.
1080 3161 1088 3202 ε
1105 3135 1253 3224 Nempe.

209 3294 251 3308 -ν
264 3257 347 3325 Soc.
372 3276 380 3322 ι
398 3254 441 3322 Et
454 3273 548 3322 unus
562 3253 710 3342 quisque
726 3272 846 3321 secum
860 3253 963 3342 ipset
976 3292 1020 3302 -
1034 3253 1097 3321 Ac.
1116 3275 1122 3321 :
1140 3252 1254 3322 Certe.

207 3410 252 3424 -
266 3370 348 3440 Soc.
372 3396 379 3437 ι
402 3370 471 3438 Per
487 3388 593 3459 quam
610 3372 720 3435 artem
734 3368 880 3456 quisque
893 3387 1013 3436 secum
1029 3367 1257 3435 consentitde

208 3487 325 3577 palmo
350 3490 385 3553 et
406 3482 524 3553 cubito
539 3488 618 3551 uter
640 3479 751 3568 major
773 3480 816 3548 sit
831 3457 841 3547 ⁸:
859 3500 978 3548 nonne
1003 3499 1067 3568 per
1090 3480 1258 3548 metiendi

207 3596 396 3690 peritiam?
418 3602 463 3646 -ὲ
485 3595 576 3663 Am:
601 3593 743 3675 Quidni.
768 3630 812 3645 —
836 3594 918 3662 Soc,
942 3592 1098 3662 :Nonne
1127 3592 1258 3663 scilicet

207 3714 370 3806 privatim
385 3718 420 3782 et
432 3710 601 3802 publice?
614 3750 658 3762 -
671 3709 735 3780 m.
753 3735 761 3777 :
778 3709 895 3783 Imo...
911 3747 954 3760 -κ
968 3707 1050 3778 Soc.
1073 3735 1079 3775 :
1098 3707 1258 3779 Consen-

240 3910 283 4026 (S
291 3961 422 4024 Potitios,
436 3965 491 4020 269,
501 3958 529 4010 d.
