2782 4576
581 333 739 394 45-

127 471 354 540 comentibus
370 470 502 539 litteras
527 489 651 559 parvas
665 469 857 558 proculque
873 469 1004 558 positas
1017 469 1187 558 legendas

127 582 328 652 mandasset
360 581 520 650 :deinde
554 579 858 648 animadvertisset
890 579 1016 668 aliquis
1044 579 1187 648 easdem

126 700 259 770 litteras
290 721 369 770 esse
395 700 477 769 alibi
511 701 549 768 in
586 699 712 788 majori
743 699 896 788 quodam
929 699 1006 768 loco
1036 699 1188 788 majores

128 821 232 904 atque
254 815 338 883 inde
366 834 482 904 operte
510 815 665 903 pretium
688 814 906 900 censuisset,
932 817 972 880 ut
993 832 1054 880 eas
1073 812 1188 901 primo

127 931 301 1021 legentes,
315 933 363 1000 ita
383 931 526 1000 demum
552 931 726 1016 minoreS,
753 933 784 998 si
806 931 933 999 eoedem
951 933 1049 1007 suot,
1071 931 1189 998 consi-

129 1047 308 1117 deraret...
332 1047 535 1115 Dicimusne
566 1047 736 1134 justitiam
765 1045 917 1114 hominis
939 1047 1047 1115 unius
1085 1048 1191 1114 esse‘l

129 1163 277 1231 dicimus
291 1163 397 1231 totius
414 1163 587 1232 civitatis‘l
600 1202 645 1212 -
659 1163 781 1248 Plane,
793 1163 909 1253 inquit
923 1164 994 1233 ille.
1013 1202 1058 1214 -
1072 1164 1187 1252 Atque

129 1278 248 1345 civitas
263 1299 379 1346 nonne
392 1269 733 1367 majorunoviro‘l...
752 1280 917 1348 Fortasse
936 1281 1043 1369 igitur
1054 1280 1190 1369 justitia

129 1393 277 1482 amplior
290 1395 329 1462 in
343 1395 467 1482 majori
482 1396 586 1481 inest,
613 1394 817 1482 faciliorque
834 1401 888 1463 est
904 1396 1057 1486 cognitu.
1071 1396 1188 1478 Quare

129 1507 160 1573 si
178 1509 294 1595 vultis,
314 1511 411 1599 prius
440 1531 639 1600 quaeremus
659 1511 698 1577 in
721 1510 918 1579 civitatibus
939 1513 1108 1601 quidnam
1131 1513 1187 1581 sit.

128 1622 239 1714 quue
273 1626 400 1694 deinde
435 1628 474 1695 in
510 1627 657 1717 singulis
696 1628 1011 1714 considerabimus,
1048 1629 1191 1717 majoris

128 1744 239 1832 ipsius
272 1743 536 1812 similitudinem
565 1746 603 1812 in
636 1746 782 1812 minoris
816 1745 897 1812 idea
934 1746 1188 1834 contemplan-

128 1871 183 1932 tes
210 1863 274 1952 (1).
299 1885 317 1930 n
344 1865 449 1932 Hunc
478 1865 594 1932 locum
620 1865 651 1930 si
676 1864 762 1932 velis
790 1863 993 1954 singillatim
1029 1867 1187 1956 exsequi,

129 1979 264 2046 videbis
285 1979 469 2047 Platonem
492 1981 790 2069 comparationem
809 2001 881 2048 non
902 2002 943 2050 eo
965 1982 1070 2050 modo
1085 1983 1189 2051 insti-

131 2095 240 2170 tuisse
261 2097 330 2163 nisi
352 2116 410 2164 res
436 2097 577 2165 collatas
603 2097 742 2166 eosdem
773 2118 844 2166 esse
869 2099 1058 2168 arbitratus
1084 2107 1191 2170 esset.

177 2212 290 2302 Perge
317 2213 444 2280 modo:
472 2213 619 2282 civitatis
643 2220 749 2303 atque
776 2213 906 2303 singuli
936 2216 1003 2283 viri
1035 2217 1195 2286 eamdem

133 2326 329 2395 secundum
347 2328 530 2397 Platonem
552 2349 630 2397 esse
646 2330 780 2398 senties
796 2332 976 2417 virtutem,
993 2329 1194 2400 felicitatem

135 2444 385 2532 valetudinem,
404 2446 539 2514 natales
555 2447 712 2534 eosdem,
730 2446 860 2515 eadem
877 2448 1014 2534 lunera,
1034 2449 1196 2517 eamdem

134 2560 286 2648 partium
304 2561 475 2629 rationem
493 2582 534 2630 ac
554 2583 656 2651 pane
676 2563 781 2631 totius
801 2562 961 2652 figurem.

178 2675 280 2757 Quod
290 2676 506 2745 advirtutem
518 2678 654 2764 attinet,
663 2679 698 2745 in
709 2678 844 2766 iustitia
853 2678 1047 2767 prasertim
1058 2685 1193 2747 aetem-

134 2790 289 2877 perantia
309 2791 518 2858 continetur.
538 2812 556 2856 «
574 2792 651 2860 Hoc
668 2790 776 2880 igitur
794 2790 965 2878 injustitia
980 2796 1034 2858 est
1049 2791 1198 2875 (scilicet

134 2926 243 2992 quum
265 2926 396 2994 genera
418 2906 602 2975 hominum
628 2908 695 2975 tria
720 2907 984 2976 confunduntur
1004 2915 1108 2998 atque
1131 2910 1199 2979 alia

134 3004 281 3089 aliorum
307 3043 396 3110 opus
419 3025 602 3112 proprium
623 3015 824 3112 usurpant).
850 3024 989 3092 Rursus
1009 3032 1127 3093 autem
1148 3027 1199 3095 sic

135 3138 283 3208 dicimus
294 3165 301 3206 :
312 3139 527 3229 quaestuarii,
540 3141 724 3228 auxiliarii,
739 3141 935 3209 consularis
951 3144 1092 3232 generis
1108 3145 1197 3212 actio

134 3256 287 3343 propria,
310 3277 538 3346 unoquoque
555 3279 658 3326 suum
680 3278 770 3346 opus
783 3264 976 3348 peragente
991 3259 1028 3326 in
1044 3259 1194 3344 civitate,

136 3380 258 3442 contra
274 3395 315 3443 ac
334 3377 494 3444 confusio
505 3377 565 3444 illa
580 3378 742 3466 superior
753 3382 789 3444 et
800 3376 934 3464 justitia
949 3377 1016 3445 erit
1029 3383 1064 3446 et
1081 3377 1198 3445 civita·

134 3495 206 3558 tem
219 3492 349 3580 justam
370 3491 511 3560 efficiet.
529 3525 571 3541 —
590 3492 694 3560 Haud
708 3492 808 3560 aliter
823 3511 928 3579 quum
945 3492 997 3559 sic
1013 3512 1051 3559 se
1064 3492 1196 3560 habere

135 3604 284 3672 ridetur.
306 3605 532 3673 —Nondum
552 3607 695 3674 omnino
713 3605 808 3673 istud
828 3604 1000 3672 debemus
1022 3625 1193 3674 asserere.

135 3719 265 3788 Verum
282 3721 312 3789 si
326 3727 361 3790 et
376 3722 414 3790 in
429 3723 601 3812 cujusque
613 3722 768 3790 hominis
787 3721 906 3790 animo
921 3722 1058 3810 species
1072 3722 1197 3791 eadem

168 3982 203 4043 (t)
220 3981 254 4031 De
270 3980 411 4048 Republica,
427 3987 484 4046 368,
497 3995 519 4043 e,
531 3987 592 4042 3693
606 3981 744 4045 Politice-s,
759 3986 816 4045 278,
829 4000 850 4031 c.
