2782 4576
610 309 768 369 „74-

162 444 231 514 lori
244 443 325 513 sinis
347 469 353 510 :
374 464 392 511 <r
409 441 475 513 Hic
489 442 610 531 utique
633 462 749 511 sermo
764 463 828 512 nos
849 444 948 532 jubet
964 445 1096 513 imitari
1110 446 1216 515 vitam

165 578 244 648 quae
273 557 338 626 sub
367 556 515 625 Saturno
542 557 618 644 fuit,
636 579 652 624 n
681 558 808 645 quibus
831 558 972 646 subjicit
995 559 1093 628 Plato
1114 584 1122 627 ε
1144 582 1163 628 ((
1184 567 1220 631 et

164 683 333 765 quantum
349 675 385 743 in
400 675 502 743 nobis
525 681 579 744 est
592 675 874 761 immortalitatis,
891 675 959 764 ipsi
972 676 1220 766 obtemperan-

97 861 101 868 ,
164 798 229 879 teS,
245 793 404 882 privatim
420 796 455 860 et
467 791 606 881 publice
622 793 744 860 domos
759 793 987 881 civitatesque
1004 793 1219 883 gubernare,

165 908 280 997 ipsam
312 908 439 976 mentis
465 907 502 974 in
536 907 691 996 qualibet
716 927 754 974 re
779 907 1077 996 dispensationem
1103 908 1221 998 legem

166 1029 461 1112 nuncupantes»
490 1023 639 1090 Ratione
660 1022 767 1109 igitur
789 1022 958 1110 cujusque
984 1021 1132 1090 conflata
1163 1022 1222 1090 lex

167 1134 247 1206 vere
266 1139 301 1205 in
317 1137 453 1207 civitate
472 1139 595 1227 regina
606 1137 683 1206 erit.
697 1137 782 1205 Haec
797 1142 851 1205 est
865 1157 963 1204 mera
972 1137 1127 1204 Platonis
1137 1156 1220 1204 sen-

166 1256 287 1341 tentia,
309 1275 485 1344 quaecum
503 1255 758 1323 recentioribus
778 1253 945 1322 doctrinis
961 1254 1132 1342 congruit,
1150 1272 1221 1322 nec

167 1377 220 1439 est
237 1372 341 1440 ullius
357 1371 510 1440 libertati
523 1373 638 1439 noxia.
661 1372 707 1440 Ut
728 1372 821 1439 enim
843 1377 999 1461 emergat
1020 1370 1076 1440 lex
1091 1372 1222 1440 rationi

166 1495 415 1575 consentanea,
440 1490 565 1578 cuique
586 1489 652 1557 civi
676 1509 740 1556 sua
758 1488 846 1556 ratio
863 1489 1119 1576 expromenda3
1146 1509 1220 1589 quo

167 1603 1221 1695 pactorursustitacorporiscivilisresurget,solirationiquae

169 1716 236 1785 sibi
254 1718 359 1785 insita
382 1723 449 1785 stat
473 1718 732 1805 obtemperans.
752 1716 844 1784 Hinc
865 1736 935 1784 una
956 1722 1080 1806 sponte
1101 1717 1224 1786 civitas

59 1822 63 1829 ’
169 1834 303 1903 evadet.
319 1834 416 1903 -Si
434 1834 485 1901 vis
501 1838 618 1902 autem
638 1833 811 1901 aestimare
828 1838 998 1920 quantum
1021 1834 1099 1902 haec
1114 1854 1223 1922 quam

169 1957 207 2019 tu
223 1951 358 2039 profers
378 1951 551 2019 sententia
569 1951 629 2018 toti
645 1949 834 2019 Platonicae
851 1950 1018 2018 doetrinae
1033 1956 1224 2040 repugnet,

169 2068 232 2137 tibi
252 2068 318 2135 loci
335 2089 435 2156 paene
454 2068 632 2135 innumeri
651 2066 877 2156 respiciendi,
899 2067 1081 2155 inquibus
1102 2074 1227 2137 noster

171 2184 428 2252 multitudinem
460 2185 690 2274 impotentem
723 2204 764 2251 ac
792 2183 927 2252 ratione
957 2189 1135 2253 carentem
1160 2183 1227 2252 de·

169 2301 293 2390 pinxit,
322 2306 426 2389 atque
450 2301 488 2367 in
517 2301 638 2389 paucis
660 2299 829 2389 reposuit,
853 2319 933 2367 cum
961 2300 1106 2368 rationis
1127 2305 1229 2368 recta

169 2417 471 2504 interpretatione,
502 2437 644 2484 omnem
668 2416 805 2485 virtutis
829 2437 869 2485 ac
889 2417 977 2507 legis
999 2418 1229 2487 instituendae

171 2550 304 2599 curam.
323 2531 369 2600 Ut
392 2538 518 2600 caetera
540 2532 710 2619 omittam,
735 2533 868 2622 ipsein
886 2533 1036 2602 Politice
1061 2533 1129 2600 hoe
1148 2531 1231 2622 lege

172 2647 266 2738 quod
289 2646 390 2714 nobis
409 2668 473 2737 pro
493 2648 598 2715 unico
618 2652 825 2737 argumento
846 2649 977 2724 stabit:
995 2669 1012 2714 t(
1034 2647 1138 2716 Nulla
1158 2667 1231 2716 un·

172 2785 278 2853 quam
301 2765 486 2833 multitudo
511 2769 627 2854 potest
653 2786 695 2833 ea
725 2764 909 2854 disciplina
929 2765 1132 2854 praecellere
1159 2784 1233 2853 qua

172 2879 369 2947 seeundum
386 2883 543 2946 mentem
563 2863 683 2947 ciuitas
702 2885 860 2968 negatum
880 2880 945 2947 sed
957 2884 1055 2948 recta
1068 2879 1126 2946 illa
1142 2879 1233 2946 civi-

170 2995 251 3063 tatis
273 2994 526 3063 administratio
549 2995 605 3062 vel
624 2995 717 3084 apud
739 3017 862 3084 unum,
888 2995 943 3063 vel
963 2995 1056 3085 apud
1083 2994 1233 3084 paucis·
1291 3005 1292 3008 ’

174 3107 281 3176 simos
317 3111 411 3176 certe
446 3113 499 3176 est
532 3108 723 3197 querenda.
764 3107 909 3177 Caeterae
945 3127 1027 3176 vero
1061 3112 1235 3196 tanquam

172 3224 388 3293 imitationes
405 3223 566 3313 quaedam
583 3224 748 3313 ponenda
762 3224 936 3308 videntur,
954 3229 994 3292 ut
1005 3223 1108 3313 paulo
1125 3243 1238 3312 supra

174 3341 305 3410 dictum
333 3345 387 3409 est
411 3340 504 3409 hanc
530 3360 626 3411 nune
656 3340 799 3429 quidem
826 3341 864 3407 in
892 3340 1076 3408 meliorem
1099 3343 1234 3429 partes,

173 3476 267 3524 nunc
283 3457 319 3522 in
337 3456 547 3524 deteriorem
561 3456 739 3524 imitantes
759 3453 823 3544 (l).
843 3476 860 3522 a
880 3454 925 3522 At
944 3456 1021 3542 ipse
1045 3454 1143 3523 Plato
1164 3474 1236 3523 au-

175 3572 324 3640 diendus
340 3591 380 3639 ac
396 3572 631 3661 perlegendus
651 3591 760 3661 quum
784 3570 909 3639 acerbe
933 3569 1112 3639 cavillatur
1132 3568 1237 3636 navi-
1326 3564 1329 3570 ’

177 3693 298 3779 gantes
316 3689 376 3778 qui
389 3695 580 3776 vectorem,
596 3689 721 3757 morbo
737 3684 880 3756 affectos
895 3686 955 3776 qui
969 3685 1148 3767 medicum
1164 3685 1238 3774 ipsi

207 3951 241 4017 (l)
259 3950 394 4016 Polttr'cur,
408 3955 463 4017 tet,
478 3965 499 4000 c.
