2782 4576
656 311 816 373 ..22-

208 466 318 515 unum
349 466 369 515 a
392 445 539 515 Platone
568 445 695 515 divinae
722 443 972 513 moderationis
999 441 1142 512 modum
1175 461 1262 510 eon·

208 567 351 651 ceptum
373 560 623 651 intelligimus,
642 558 775 629 scilicet
788 559 884 628 velut
897 558 1013 648 opifex
1027 556 1210 627 materiam
1224 557 1262 626 in

195 678 372 747 ¹manibus
397 679 574 767 jacentem
600 681 724 745 tractat
749 681 853 764 atque
876 674 1066 764 componit,
1093 674 1142 741 ita
1167 672 1263 741 Deus

208 791 303 880 apud
324 791 497 860 Timaeum
521 790 694 858 mundum
716 810 735 859 e
756 789 941 879 principio,
958 809 1031 857 non
1044 787 1262 857 immobilem

208 913 312 996 atque
341 908 513 995 inertem,
547 906 610 975 sed
636 906 867 994 incomposito
902 909 1000 974 motu
1027 903 1261 993 trepidantem

208 1025 398 1093 constituit.
415 1025 443 1092 E
456 1023 588 1092 mundo
603 1028 719 1092 metus
734 1023 863 1106 oritur;
880 1042 899 1090 e
914 1023 989 1089 Deo
1009 1026 1127 1090 autem
1140 1040 1260 1089 rerum

201 1141 388 1210 'mobilium
415 1140 499 1208 ordo
526 1144 630 1229 atque
653 1139 826 1228 regimen.
853 1136 1193 1219 «Quemadmodum
1216 1137 1260 1207 ab

207 1253 307 1321 initio
335 1253 505 1339 diximus,
537 1272 617 1321 cum
640 1251 718 1321 haec
747 1251 870 1320 ordine
901 1255 1079 1337 carerent,
1115 1249 1263 1341 singulis

207 1369 303 1438 Deus
326 1374 361 1438 et
385 1369 430 1437 ud
451 1389 529 1437 sese
556 1373 591 1436 et
614 1367 659 1436 ad
683 1367 749 1436 alia
772 1367 922 1435 invicem
945 1372 1091 1434 eatenus
1116 1365 1260 1434 modum

206 1486 449 1575 rationemque
470 1484 706 1574 proportionis
724 1483 863 1570 indidit,
888 1487 1061 1572 quatenus
1081 1482 1260 1570 suscipere

208 1601 346 1692 singula
361 1606 535 1692 poterant.
551 1602 650 1669 Tunc
664 1599 818 1690 prolecto
841 1599 928 1668 nihil
944 1605 1019 1667 erat
1039 1598 1171 1667 ordinis
1194 1599 1262 1666 nisi

206 1719 295 1787 forte
312 1738 395 1787 casu
419 1718 534 1807 aliquo
555 1717 743 1806 particeps,
766 1736 833 1783 nec
856 1716 1044 1805 quicquam
1065 1721 1150 1784 tunc
1170 1734 1260 1804 equa

207 1832 262 1900 vel
279 1831 384 1920 ignis,
400 1830 456 1899 vel
472 1830 565 1898 aliud
581 1830 711 1919 aliquid
727 1849 849 1898 eorum
869 1848 947 1917 quae
964 1828 1067 1896 modo
1082 1829 1177 1918 apud
1195 1848 1260 1898 nos

206 1947 445 2033 nominantur,
459 1946 538 2034 jure
553 1946 751 2014 vocandum
767 1950 854 2014 erat.
866 1945 998 2014 Verum
1014 1947 1089 2014 baec
1106 1947 1260 2033 primum

207 2062 325 2130 omnia
348 2062 539 2146 exornavit,
562 2062 689 2130 deinde
706 2082 748 2129 ex
764 2062 807 2128 iis
822 2062 889 2129 hoc
903 2062 1108 2131 universum
1129 2064 1260 2132 consti·

206 2178 284 2264 tuit,
308 2177 435 2245 animal
456 2198 579 2265 unum,
604 2176 767 2246 animalia
785 2178 823 2245 in
845 2199 883 2247 se
907 2179 1025 2247 omnia
1042 2180 1202 2249 mortalia
1226 2188 1261 2249 et

207 2293 418 2362 immortalia
433 2295 628 2362 continens
645 2294 687 2362 Et
702 2295 901 2363 divinorum
924 2296 1066 2385 quidem
1080 2297 1156 2385 ipse
1176 2319 1260 2366 auc·

207 2416 272 2496 tor,
296 2411 496 2478 mortalium
516 2431 600 2479 vero
623 2411 887 2500 generationem
908 2413 999 2481 natis
1025 2415 1098 2482 suis
1119 2415 1261 2484 tradidit

207 2525 429 2595 absolvenda.
457 2525 511 2595 llli
531 2527 638 2617 igitur
662 2547 765 2595 suum
794 2528 919 2610 imitati
940 2535 1136 2618 parentem,
1161 2532 1260 2622 prin·

207 2642 407 2732 cipiumque
442 2645 569 2713 animae
601 2644 798 2713 immortale
825 2646 1070 2736 suscipientes,
1106 2649 1260 2720 animam

100 2859 103 2866 ἱ
205 2759 319 2847 ipsam
348 2760 487 2829 mortali
515 2780 661 2850 corpore
688 2761 902 2851 clauserunt,
929 2768 1111 2855 totumque
1133 2786 1260 2858 corpus

208 2873 333 2941 animae
355 2874 456 2963 quasi
483 2874 646 2943 vehiculo
670 2875 879 2962 subdidere,
904 2882 1008 2965 atque
1030 2879 1132 2973 ineo
1157 2880 1258 2949 aliam

208 2989 334 3058 animae
350 2991 506 3080 speciem
517 2991 701 3061 mortalem
718 2993 993 3082 fabricaverunt,
1004 3015 1083 3084 quae
1099 2997 1261 3087 gravibus
1352 3035 1356 3040 ·

207 3107 488 3196 necessariisque
527 3108 850 3197 perturbationibus
888 3109 1112 3181 afficerentur
1143 3112 1207 3203 (l).
1241 3138 1258 3182 r>

208 3221 281 3290 Has
295 3229 412 3293 autem
427 3224 709 3314 perturbationes
725 3224 792 3294 bac
812 3227 946 3296 ratione
960 3227 1116 3320 intellige
1134 3253 1141 3299 ε
1159 3253 1256 3324 mag-

190 3356 272 3439 nas
299 3337 411 3408 evolvi
438 3339 633 3409 secundum
654 3341 838 3429 periodoS,
869 3349 973 3430 prout
1005 3364 1107 3414 mens
1142 3347 1258 3416 divina

206 3455 378 3524 mundum
403 3462 463 3526 aut
499 3457 590 3548 regit
619 3462 678 3526 aut
707 3463 832 3547 sponte
863 3479 926 3527 sua
964 3461 1060 3529 abire
1089 3440 1183 3532 sinit.
1216 3465 1257 3535 In

208 3590 278 3638 una
304 3571 398 3662 viget
424 3573 483 3641 ille
509 3578 544 3642 et
570 3572 825 3642 secundissimo
854 3595 975 3643 rerum
996 3596 1101 3646 cursu
1129 3579 1167 3647 in
1187 3600 1259 3663 me·

207 3683 277 3755 lius
300 3687 445 3773 crescit3
462 3688 500 3756 in
515 3687 624 3758 altera
641 3687 793 3758 violento
807 3696 911 3781 atque
925 3691 1158 3782 incomposito
1176 3717 1259 3787 rap-

184 3968 186 3972 ·
239 3948 274 4014 (1)
292 3950 405 4014 Timone,
421 3955 460 4010 69,
473 3949 496 4000 b.
