2782 4576
612 313 710 375 -38
733 349 769 361 ...

161 451 280 520 venire
302 449 403 539 (1).»
429 448 559 517 Contra
589 467 678 537 quos
706 445 805 517 Plato
838 452 981 516 strenue
1009 448 1214 538 accingitur.

164 587 180 631 n
197 564 235 634 Si
251 583 332 653 qua,
348 562 474 651 inquit,
495 562 532 629 in
551 559 753 649 hujusmodi
775 560 882 629 rebus
903 561 959 630 vel
976 561 1114 629 modica
1133 581 1217 650 per·-

162 680 278 748 suasio
299 678 451 747 inveniri
473 682 600 766 potest,
625 697 698 744 non
728 675 834 746 debet
856 677 975 767 legum
998 677 1087 746 lator
1106 697 1216 766 quum

162 796 427 885 modo'alicujus
442 795 546 885 pretii
569 795 625 879 sit,
642 793 763 862 labore
777 794 861 863 inde
875 795 1014 882 terreri,
1033 795 1097 864 sed
1111 815 1216 884 quam

163 911 314 980 maximo
329 917 369 978 ut
383 909 509 978 dicitur
521 908 673 977 elamore
689 913 816 997 potest,
830 909 953 996 priscae
970 908 1038 998 legi
1049 909 1216 978 auxilium

162 1028 268 1111 serre,
283 1024 547 1113 rationibusque
563 1023 750 1092 ostendere
766 1023 859 1113 quod
874 1024 930 1092 Dii
946 1024 1015 1092 sint
1028 1023 1107 1112 (bos
1123 1024 1217 1092 enim

163 1148 236 1211 arte
258 1146 442 1230 generatos
460 1140 623 1230 sophistae
638 1139 912 1226 contendebant)
933 1145 969 1208 et
988 1161 1217 1230 quaecumque

163 1257 239 1345 ipse
267 1253 370 1345 paulo
401 1257 481 1322 ante
510 1252 671 1336 dicebas,
700 1258 803 1342 atque
828 1253 904 1343 ipse
927 1254 997 1343 legi
1026 1261 1061 1322 et
1084 1254 1149 1323 arti
1169 1255 1219 1324 ita

164 1371 347 1462 suffragari
367 1375 406 1441 ut
429 1369 485 1438 vel
508 1376 634 1439 natura
655 1370 710 1439 vel
732 1390 803 1439 non
825 1371 939 1440 minus
964 1391 1070 1460 quarn
1092 1377 1218 1441 nutura

164 1494 324 1558 constare
350 1485 510 1572 affirmet,
538 1506 618 1554 oum
640 1486 772 1554 mentis
794 1487 906 1574 ipsius
931 1488 1049 1576 proles
1073 1476 1156 1574 sint,
1180 1494 1221 1557 ut

164 1607 261 1673 recta
275 1602 362 1671 ratio
379 1607 549 1671 monstrat
562 1601 626 1691 (2).
646 1623 663 1669 n
680 1601 771 1690 Ergo
787 1622 856 1670 una
876 1623 990 1691 mens,
1008 1624 1129 1673 secum
1142 1604 1219 1692 ipsa

166 1740 326 1808 concere,
338 1740 480 1788 omnem
493 1719 616 1787 mundi
629 1719 852 1787 harmoniam
866 1719 1072 1810 rogitatque
1085 1720 1220 1791 eisdem

163 1833 304 1928 legibus!
316 1840 351 1902 et
364 1855 421 1902 res
441 1838 566 1901 natura
581 1839 675 1901 ortas
690 1838 725 1902 et
738 1854 796 1900 res
818 1839 891 1901 arte
908 1811 1073 1904 conflatas
1094 1834 1217 1904 mode-

164 1955 272 2018 ratur.
289 1950 317 2018 E
333 1950 491 2038 partibus
503 1954 637 2017 naturae
653 1948 768 2038 aliqua
782 1949 980 2019 arsevadit.

209 2065 296 2134 Inde
330 2067 488 2155 sequitur
522 2070 561 2133 ut
594 2065 691 2154 leges
727 2065 846 2134 civiles
882 2086 901 2133 e
936 2086 1055 2135 rerum
1093 2071 1219 2137 natura

165 2181 366 2250 hauriendae
398 2181 469 2250 sint
498 2202 505 2247 :
538 2180 676 2269 optima
701 2187 784 2249 sunt
812 2202 888 2271 que
918 2202 996 2251 eam
1022 2183 1215 2271 imitantur,

166 2295 425 2384 pessimaeque
449 2294 492 2363 ab
517 2313 560 2362 ea
575 2294 758 2364 dissident.
785 2295 952 2365 Rationes
972 2297 1101 2387 quibus
1125 2298 1219 2367 cives

165 2414 258 2480 inter
279 2432 316 2480 se
343 2412 615 2502 conjunguntur,
634 2432 683 2478 eae
708 2411 856 2480 civitatis
874 2433 966 2481 verae
990 2413 1087 2504 leges
1113 2421 1216 2502 sunt3

166 2532 290 2598 ceterae
314 2527 410 2618 leges
435 2526 574 2597 fictitiae.
601 2527 703 2609 Quod
735 2529 879 2617 quidem
903 2528 992 2598 tiber
1020 2531 1071 2599 De
1097 2530 1220 2622 Regno.

167 2640 355 2729 inscriptus
374 2660 439 2708 nos
462 2640 563 2709 docet
582 2640 638 2709 his
659 2640 776 2709 verbis
796 2663 805 2708 ε
826 2662 842 2708 <t
857 2641 982 2713 Nonne
1002 2644 1220 2729 imitamenta

166 2753 326 2844 quaedam
350 2753 504 2823 veritatis
530 2754 677 2845 singulis
701 2755 775 2824 haec
796 2761 911 2845 erunt,
937 2780 1015 2847 quae
1042 2761 1085 2831 ab
1110 2761 1218 2837 intel-

166 2867 356 2958 ligentibus
371 2888 435 2959 pro
450 2869 541 2938 virili
555 2871 743 2946 constituta
756 2871 899 2942 fuerunt
913 2874 986 2965 (3)‘t
1001 2897 1018 2943 r>

211 2984 343 3055 Credas
358 3006 402 3055 ex
424 2987 481 3056 illa
502 2988 660 3058 doctrina
679 2990 781 3078 sequi
797 2991 939 3060 mobilia
963 3013 1041 3062 esse
1065 2994 1221 3065 bumana

166 3102 325 3172 instituta
337 3109 442 3195 atque
456 3106 585 3175 mutari
600 3125 681 3174 cum
700 3108 943 3197 temporibus‘.t
958 3109 1048 3178 Male
1062 3111 1221 3181 novisses

168 3217 414 3309 philosophum
446 3220 664 3310 geometricae
695 3226 872 3290 amantem
900 3223 960 3312 qui
989 3224 1161 3295 mundum
1182 3227 1222 3296 in

171 3333 296 3404 Tintaeo
321 3357 365 3404 ex
387 3337 567 3428 triangulis
591 3358 632 3406 ac
659 3339 796 3429 spheris
818 3339 967 3409 coniecit
991 3361 998 3407 :
1024 3341 1224 3420 secundum

168 3468 274 3538 quem
288 3457 421 3521 naturae
437 3453 613 3522 simillima
625 3455 777 3524 maxime
791 3455 917 3547 rigent.
936 3455 1051 3536 Quum
1066 3455 1224 3533 defendit¹
1243 3550 1246 3554 Ι

167 3571 287 3635 contra
302 3569 475 3658 sophistas
492 3571 667 3641 civitatem
680 3592 759 3640 esse
775 3576 810 3640 et
823 3577 954 3642 naturae
971 3572 1074 3642 simul
1087 3579 1122 3645 et
1134 3575 1222 3645 artis
1309 3649 1311 3652 Α

167 3682 498 3770 opus„destinatum
519 3687 626 3757 babet
647 3707 724 3757 eam
747 3688 844 3757 omni
864 3692 960 3756 motu
983 3693 1086 3778 atque
1108 3689 1218 3761 varie·

198 3945 232 4010 (ι)
249 3948 332 4011 teget,
348 3952 403 4012 aaa,
416 3948 439 4000 a
456 3975 485 3986 -
495 3939 536 4014 te)
550 3949 604 4014 na,
618 3954 672 4015 too,
682 3951 711 4002 u.
725 3976 756 3990 -
771 3951 807 4015 (a)
824 3951 954 4015 rotrocus,
970 3955 1026 4016 eoo,
1040 3968 1062 4003 c.
1148 3976 1151 3982 ·
