2782 4576
622 368 658 382 ..
681 332 722 396 ga
748 368 781 381 ..

171 469 303 556 ebrius,
318 467 490 557 quidquid
509 466 646 553 uiderit,
676 472 797 535 narrat
819 466 962 536 rediens
977 488 986 554 ;
999 467 1049 537 ita
1067 474 1109 538 ut
1123 469 1232 560 quid·

171 583 255 672 quid
278 588 402 673 postea
428 586 579 672 mystam
602 580 805 669 redoluerit,
838 580 1030 651 ePlatone
1059 582 1233 654 haustum

169 698 295 768 merito
322 698 513 767 videretur.
540 696 658 780 -Quam
687 696 880 765 secundam
907 696 1065 766 methodi
1087 704 1235 788 partem

170 821 229 883 aut
241 814 358 904 potius
373 815 566 885 secundam
589 813 808 897 methodum,
834 832 979 903 prorsus
990 813 1149 884 fictitiam
1162 835 1232 886 nos

171 929 424 1001 existimamus.
438 931 580 1000 Constat
591 929 687 999 enim
699 929 792 998 hanc
804 929 979 999 civitatem
991 951 1011 1000 e
1021 930 1111 1000 coelo
1126 932 1233 1020 quasi

170 1043 373 1133 demissam,
403 1067 423 1114 e
447 1045 629 1134 Spartanis
650 1050 685 1114 et
705 1045 920 1135 AEgyptiacis
937 1045 1108 1115 institutis
1134 1046 1231 1116 male

169 1160 312 1249 quidem
326 1181 439 1250 usque
457 1161 502 1229 ad
516 1160 700 1231 Platonem
723 1160 879 1250 perlatis,
898 1160 1083 1230 conflatam
1102 1161 1228 1253 luisse,

169 1277 298 1367 quibus
322 1277 507 1347 elementis
537 1279 725 1347 commixta
746 1279 777 1345 si
806 1278 922 1367 aliqua
938 1279 1171 1369 Pythagoraa
1194 1286 1232 1350 et

169 1391 325 1462 Eleatica
338 1392 511 1484 principia
524 1393 644 1480 addas,
662 1392 748 1462 illud
770 1393 992 1482 praesertim:
1013 1394 1132 1463 omnia
1146 1414 1231 1486 quae

169 1524 252 1574 vera
268 1513 349 1575 sunt
364 1528 443 1577 esse
465 1528 537 1576 una
553 1513 659 1598 atque
674 1511 818 1594 aeterna,
835 1506 946 1576 habes
965 1505 1052 1575 illud
1067 1507 1232 1579 divinum

170 1623 361 1714 exemplar,
379 1625 481 1694 toties
500 1624 544 1694 ab
559 1623 627 1693 illis
641 1624 729 1722 ipsis
751 1623 979 1714 praedicatum
996 1625 1057 1714 qui
1071 1624 1229 1696 maximo

169 1740 283 1808 studio
302 1741 458 1810 maculas
484 1740 523 1810 in
546 1762 588 1810 eo
616 1761 699 1810 vere
729 1746 850 1830 turpes
880 1745 1053 1810 notarent.
1077 1740 1133 1810 Ne
1158 1762 1228 1811 nos

167 1855 300 1926 diutius
327 1856 423 1926 hunc
455 1878 600 1927 amoren
626 1858 717 1926 Boni
746 1877 815 1946 quo
842 1856 941 1935 Plato
968 1856 1238 1927 incendebatur

168 1972 340 2061 praetendi
355 1979 437 2042 ante
459 1973 579 2043 oculos
593 1974 780 2063 patiamur,
799 1991 840 2041 ac
853 1991 976 2040 verum
991 1972 1202 2044 obnubilare
1218 2000 1225 2041 :

167 2087 236 2157 hcc
255 2109 379 2158 verum
405 2095 486 2177 stat,
508 2090 642 2180 scilicet
657 2110 756 2159 suam
776 2088 1011 2177 phantasiam
1027 2089 1126 2158 illum
1142 2111 1227 2162 cum

168 2207 275 2276 rebus
297 2207 495 2276 miscuisse.
526 2208 607 2276 Non
638 2208 744 2297 igitur
774 2206 910 2275 somnia
940 2208 1029 2295 ejuS,
1064 2209 1228 2296 quamvis

168 2333 286 2409 aurea,
304 2322 369 2390 sed
382 2342 440 2390 res
450 2322 657 2391 retinendae.
670 2323 859 2390 Rationem
873 2342 945 2389 non
965 2321 1059 2410 quod
1073 2323 1227 2392 velimus

168 2433 357 2503 edoctrina
375 2433 566 2524 depellere,
581 2433 642 2502 sed
658 2434 829 2502 memoria
849 2438 1012 2501 tenemus
1035 2453 1126 2520 eam,
1144 2435 1227 2505 sine

166 2566 287 2615 rernm
300 2547 521 2638 inspectione
536 2567 683 2616 vacuam
696 2567 736 2615 ac
746 2546 1049 2636 phantasmatibus
1059 2546 1228 2637 frequen·

167 2666 250 2750 tem,
266 2683 370 2754 egere
387 2671 523 2733 naturae
535 2662 685 2732 fecundo
697 2668 859 2732 contactu
874 2668 913 2731 ut
927 2663 972 2731 sit
987 2663 1060 2731 sive
1072 2662 1115 2731 de
1126 2684 1165 2732 re
1177 2665 1233 2733 ci·-

164 2778 238 2867 viti,
256 2780 329 2850 sive
349 2782 392 2850 de
418 2802 641 2872 quacumque
662 2787 760 2871 parte
780 2785 917 2849 naturae
936 2780 1092 2849 veritatis
1109 2780 1224 2850 ferax.

212 2900 301 2968 Vide
315 2899 410 2967 enim
426 2899 555 2986 quibus
577 2897 670 2966 vitiis
683 2897 761 2966 haec
784 2895 971 2966 methodus
985 2895 1121 2966 laboret
1140 2916 1224 2988 quae

165 3020 284 3090 ideam
298 3017 356 3085 hic
373 3014 450 3084 veri
464 3013 625 3105 regulam
640 3014 752 3104 ponit.
1025 3007 1033 3023 '

208 3145 391 3230 Quomodo
412 3145 465 3212 vir
479 3163 587 3213 sanus
610 3143 727 3212 ideam
749 3143 841 3211 hanc
866 3160 946 3231 quae
971 3141 1136 3216 dicitura
1160 3161 1221 3212 ra·

162 3268 259 3336 tione
271 3265 412 3350 hausta,
425 3261 530 3331 etiam
544 3262 582 3329 in
596 3261 760 3330 omnibus
775 3260 954 3329 mentibus
967 3258 1118 3327 similem
1131 3259 1226 3328 exis·

163 3384 288 3452 timere
324 3380 448 3470 possit,
482 3398 593 3468 quum
621 3377 817 3446 secundum
847 3376 943 3445 locos
974 3390 1053 3447 eam
1083 3379 1224 3445 mutare

164 3502 367 3568 constanter
384 3515 530 3564 cernere
546 3499 611 3563 est.
633 3493 755 3562 ideam
770 3493 881 3562 felicis
899 3492 976 3561 vita
991 3490 1117 3564 aclaeti
1135 3509 1223 3561 con-

163 3609 262 3678 sortii
283 3627 434 3699 quaeque
448 3627 546 3697 gens
566 3606 639 3674 sive
662 3605 888 3695 praeteritam,
905 3605 981 3698 siva
1005 3605 1159 3674 futuram
1182 3604 1224 3674 in

165 3727 255 3798 coelo
282 3725 434 3815 reponit,
461 3729 533 3809 aut,
554 3723 648 3813 quod
671 3722 887 3791 recentiores
916 3721 1043 3804 solent,
1065 3722 1223 3792 interra

163 3843 354 3913 admodum
387 3847 533 3927 mutata,
574 3840 637 3909 sed
670 3840 802 3929 ubique
832 3841 905 3908 suis
939 3840 1098 3908 moribus
1116 3859 1220 3909 >aon-

105 4049 108 4056 .
163 3966 347 4052 pauentem
363 3979 404 4028 ac
419 3959 462 4028 de
476 3958 700 4048 cupidinibus
712 3956 819 4026 veluti
832 3962 1121 4026 consentaneam.
1138 3953 1218 4037 Quo
