<?xml version="1.0" encoding="UTF-8"?>
<!DOCTYPE html PUBLIC "-//W3C//DTD XHTML 1.0 Transitional//EN"
    "http://www.w3.org/TR/xhtml1/DTD/xhtml1-transitional.dtd">
<html xmlns="http://www.w3.org/1999/xhtml" xml:lang="en" lang="en">
 <head>
  <title>
</title>
<meta http-equiv="Content-Type" content="text/html;charset=utf-8" />
  <meta name='ocr-system' content='tesseract 3.04.00' />
  <meta name='ocr-capabilities' content='ocr_page ocr_carea ocr_par ocr_line ocrx_word'/>
</head>
<body>
  <div class='ocr_page' id='page_1' title='image "./decivitateapudp00espigoog_0082.png"; bbox 0 0 2782 4576; ppageno 0'>
   <div class='ocr_carea' id='block_1_1' title="bbox 586 329 746 390">
    <p class='ocr_par' dir='ltr' id='par_1_1' title="bbox 586 329 746 390">
     <span class='ocr_line' id='line_1_1' title="bbox 586 329 746 390; baseline 0.006 -13"><span class='ocrx_word' id='word_1_1' title='bbox 586 329 746 390; x_wconf 67' lang='grc' dir='ltr'>-τὸ-</span> 
     </span>
    </p>
   </div>
   <div class='ocr_carea' id='block_1_2' title="bbox 72 460 1196 2045">
    <p class='ocr_par' dir='ltr' id='par_1_2' title="bbox 72 460 1196 2045">
     <span class='ocr_line' id='line_1_2' title="bbox 141 460 1193 553; baseline -0.006 -22"><span class='ocrx_word' id='word_1_2' title='bbox 141 463 270 553; x_wconf 84' lang='lat' dir='ltr'>eligere</span> <span class='ocrx_word' id='word_1_3' title='bbox 291 462 447 530; x_wconf 91' lang='lat' dir='ltr'>animum</span> <span class='ocrx_word' id='word_1_4' title='bbox 458 460 648 546; x_wconf 73' lang='lat' dir='ltr'>inducant,</span> <span class='ocrx_word' id='word_1_5' title='bbox 663 465 722 528; x_wconf 90' lang='lat' dir='ltr'>aut</span> <span class='ocrx_word' id='word_1_6' title='bbox 737 479 846 548; x_wconf 92' lang='lat' dir='ltr'>quum</span> <span class='ocrx_word' id='word_1_7' title='bbox 867 465 1056 548; x_wconf 74' lang='lat' dir='ltr'>tyrannum</span> <span class='ocrx_word' id='word_1_8' title='bbox 1071 477 1193 526; x_wconf 88' lang='lat' dir='ltr'>mons-</span> 
     </span>
     <span class='ocr_line' id='line_1_3' title="bbox 138 572 1194 664; baseline -0.005 -20"><span class='ocrx_word' id='word_1_9' title='bbox 138 581 208 644; x_wconf 87' lang='lat' dir='ltr'>trat</span> <span class='ocrx_word' id='word_1_10' title='bbox 227 576 350 643; x_wconf 88' lang='lat' dir='ltr'>bestiae</span> <span class='ocrx_word' id='word_1_11' title='bbox 372 573 531 664; x_wconf 91' lang='lat' dir='ltr'>populari</span> <span class='ocrx_word' id='word_1_12' title='bbox 551 574 696 664; x_wconf 84' lang='lat' dir='ltr'>indigne</span> <span class='ocrx_word' id='word_1_13' title='bbox 712 574 986 642; x_wconf 84' lang='lat' dir='ltr'>lenocinantem.</span> <span class='ocrx_word' id='word_1_14' title='bbox 1002 572 1093 640; x_wconf 90' lang='lat' dir='ltr'>Hinc</span> <span class='ocrx_word' id='word_1_15' title='bbox 1108 572 1194 639; x_wconf 87' lang='lat' dir='ltr'>satis</span> 
     </span>
     <span class='ocr_line' id='line_1_4' title="bbox 139 688 1196 781; baseline -0.003 -22"><span class='ocrx_word' id='word_1_16' title='bbox 139 697 285 781; x_wconf 86' lang='lat' dir='ltr'>apparet</span> <span class='ocrx_word' id='word_1_17' title='bbox 299 711 379 759; x_wconf 89' lang='lat' dir='ltr'>eum</span> <span class='ocrx_word' id='word_1_18' title='bbox 392 711 500 781; x_wconf 90' lang='lat' dir='ltr'>quum</span> <span class='ocrx_word' id='word_1_19' title='bbox 516 691 553 758; x_wconf 90' lang='lat' dir='ltr'>in</span> <span class='ocrx_word' id='word_1_20' title='bbox 564 688 715 778; x_wconf 67' lang='lat' dir='ltr'>Legibus</span> <span class='ocrx_word' id='word_1_21' title='bbox 726 690 901 758; x_wconf 89' lang='lat' dir='ltr'>civitatem</span> <span class='ocrx_word' id='word_1_22' title='bbox 916 688 1055 777; x_wconf 89' lang='lat' dir='ltr'>scriptis</span> <span class='ocrx_word' id='word_1_23' title='bbox 1069 707 1196 778; x_wconf 88' lang='lat' dir='ltr'>paren·</span> 
     </span>
     <span class='ocr_line' id='line_1_5' title="bbox 137 804 1194 893; baseline -0.004 -17"><span class='ocrx_word' id='word_1_24' title='bbox 137 816 210 877; x_wconf 91' lang='lat' dir='ltr'>tem</span> <span class='ocrx_word' id='word_1_25' title='bbox 228 808 396 876; x_wconf 91' lang='lat' dir='ltr'>institutis</span> <span class='ocrx_word' id='word_1_26' title='bbox 416 807 528 889; x_wconf 83' lang='lat' dir='ltr'>finxit,</span> <span class='ocrx_word' id='word_1_27' title='bbox 552 807 745 875; x_wconf 88' lang='lat' dir='ltr'>adulteram</span> <span class='ocrx_word' id='word_1_28' title='bbox 760 826 853 874; x_wconf 88' lang='lat' dir='ltr'>verae</span> <span class='ocrx_word' id='word_1_29' title='bbox 876 804 1080 893; x_wconf 88' lang='lat' dir='ltr'>reipublicae</span> <span class='ocrx_word' id='word_1_30' title='bbox 1103 806 1194 872; x_wconf 86' lang='lat' dir='ltr'>ima·</span> 
     </span>
     <span class='ocr_line' id='line_1_6' title="bbox 138 921 1195 1015; baseline -0.004 -23"><span class='ocrx_word' id='word_1_31' title='bbox 138 926 256 1015; x_wconf 91' lang='lat' dir='ltr'>ginem</span> <span class='ocrx_word' id='word_1_32' title='bbox 275 925 457 992; x_wconf 87' lang='lat' dir='ltr'>conscium</span> <span class='ocrx_word' id='word_1_33' title='bbox 471 943 651 1013; x_wconf 87' lang='lat' dir='ltr'>expresse.</span> <span class='ocrx_word' id='word_1_34' title='bbox 670 924 783 1011; x_wconf 84' lang='lat' dir='ltr'>Leges</span> <span class='ocrx_word' id='word_1_35' title='bbox 797 921 985 990; x_wconf 86' lang='lat' dir='ltr'>voluntatis</span> <span class='ocrx_word' id='word_1_36' title='bbox 1000 921 1106 988; x_wconf 92' lang='lat' dir='ltr'>unius</span> <span class='ocrx_word' id='word_1_37' title='bbox 1123 941 1195 988; x_wconf 92' lang='lat' dir='ltr'>non</span> 
     </span>
     <span class='ocr_line' id='line_1_7' title="bbox 138 1036 1196 1131; baseline -0.005 -22"><span class='ocrx_word' id='word_1_38' title='bbox 138 1046 287 1131; x_wconf 81' lang='lat' dir='ltr'>possunt</span> <span class='ocrx_word' id='word_1_39' title='bbox 315 1040 429 1108; x_wconf 90' lang='lat' dir='ltr'>vicem</span> <span class='ocrx_word' id='word_1_40' title='bbox 461 1059 584 1129; x_wconf 86' lang='lat' dir='ltr'>gerere</span> <span class='ocrx_word' id='word_1_41' title='bbox 611 1039 681 1106; x_wconf 89' lang='lat' dir='ltr'>nisi</span> <span class='ocrx_word' id='word_1_42' title='bbox 705 1038 799 1126; x_wconf 89' lang='lat' dir='ltr'>quod</span> <span class='ocrx_word' id='word_1_43' title='bbox 828 1037 987 1106; x_wconf 90' lang='lat' dir='ltr'>inclinati</span> <span class='ocrx_word' id='word_1_44' title='bbox 1016 1056 1134 1105; x_wconf 90' lang='lat' dir='ltr'>mores</span> <span class='ocrx_word' id='word_1_45' title='bbox 1158 1036 1196 1104; x_wconf 91' lang='lat' dir='ltr'>in</span> 
     </span>
     <span class='ocr_line' id='line_1_8' title="bbox 139 1150 1194 1241; baseline -0.006 -18"><span class='ocrx_word' id='word_1_46' title='bbox 139 1156 293 1224; x_wconf 89' lang='lat' dir='ltr'>deterius</span> <span class='ocrx_word' id='word_1_47' title='bbox 317 1154 407 1241; x_wconf 84' lang='lat' dir='ltr'>lapsi</span> <span class='ocrx_word' id='word_1_48' title='bbox 429 1158 524 1240; x_wconf 89' lang='lat' dir='ltr'>sunt,</span> <span class='ocrx_word' id='word_1_49' title='bbox 552 1157 587 1221; x_wconf 90' lang='lat' dir='ltr'>ct</span> <span class='ocrx_word' id='word_1_50' title='bbox 611 1152 660 1219; x_wconf 92' lang='lat' dir='ltr'>illi</span> <span class='ocrx_word' id='word_1_51' title='bbox 685 1152 794 1219; x_wconf 91' lang='lat' dir='ltr'>divini</span> <span class='ocrx_word' id='word_1_52' title='bbox 818 1157 991 1240; x_wconf 86' lang='lat' dir='ltr'>pastores,</span> <span class='ocrx_word' id='word_1_53' title='bbox 1017 1150 1194 1239; x_wconf 87' lang='lat' dir='ltr'>quondam</span> 
     </span>
     <span class='ocr_line' id='line_1_9' title="bbox 72 1247 1195 1356; baseline -0.005 -19"><span class='ocrx_word' id='word_1_54' title='bbox 72 1247 79 1260; x_wconf 56' lang='lat'>⁸</span> <span class='ocrx_word' id='word_1_55' title='bbox 137 1270 244 1337; x_wconf 89' lang='lat' dir='ltr'>rebus</span> <span class='ocrx_word' id='word_1_56' title='bbox 261 1267 427 1336; x_wconf 87' lang='lat' dir='ltr'>humanis</span> <span class='ocrx_word' id='word_1_57' title='bbox 444 1265 642 1356; x_wconf 74' lang='lat' dir='ltr'>praepositi,</span> <span class='ocrx_word' id='word_1_58' title='bbox 660 1265 781 1354; x_wconf 84' lang='lat' dir='ltr'>iniquo</span> <span class='ocrx_word' id='word_1_59' title='bbox 802 1285 898 1332; x_wconf 88' lang='lat' dir='ltr'>nunc</span> <span class='ocrx_word' id='word_1_60' title='bbox 913 1265 982 1332; x_wconf 89' lang='lat' dir='ltr'>lato</span> <span class='ocrx_word' id='word_1_61' title='bbox 1002 1263 1152 1353; x_wconf 91' lang='lat' dir='ltr'>depulsi,</span> <span class='ocrx_word' id='word_1_62' title='bbox 1175 1283 1195 1331; x_wconf 92' lang='lat' dir='ltr'>a</span> 
     </span>
     <span class='ocr_line' id='line_1_10' title="bbox 138 1380 1195 1469; baseline -0.005 -16"><span class='ocrx_word' id='word_1_63' title='bbox 138 1386 287 1453; x_wconf 89' lang='lat' dir='ltr'>statione</span> <span class='ocrx_word' id='word_1_64' title='bbox 303 1384 556 1452; x_wconf 86' lang='lat' dir='ltr'>discesserunt.</span> <span class='ocrx_word' id='word_1_65' title='bbox 574 1382 654 1451; x_wconf 91' lang='lat' dir='ltr'>Non</span> <span class='ocrx_word' id='word_1_66' title='bbox 669 1382 781 1450; x_wconf 86' lang='lat' dir='ltr'>haeret</span> <span class='ocrx_word' id='word_1_67' title='bbox 796 1380 894 1449; x_wconf 88' lang='lat' dir='ltr'>Plato</span> <span class='ocrx_word' id='word_1_68' title='bbox 910 1401 1018 1469; x_wconf 87' lang='lat' dir='ltr'>quum</span> <span class='ocrx_word' id='word_1_69' title='bbox 1036 1402 1075 1448; x_wconf 88' lang='lat' dir='ltr'>se</span> <span class='ocrx_word' id='word_1_70' title='bbox 1089 1381 1195 1449; x_wconf 90' lang='lat' dir='ltr'>inter·</span> 
     </span>
     <span class='ocr_line' id='line_1_11' title="bbox 137 1497 1191 1589; baseline -0.004 -21"><span class='ocrx_word' id='word_1_71' title='bbox 137 1506 235 1589; x_wconf 86' lang='lat' dir='ltr'>rogat</span> <span class='ocrx_word' id='word_1_72' title='bbox 245 1505 362 1567; x_wconf 90' lang='lat' dir='ltr'>utrum</span> <span class='ocrx_word' id='word_1_73' title='bbox 371 1500 417 1566; x_wconf 90' lang='lat' dir='ltr'>sit</span> <span class='ocrx_word' id='word_1_74' title='bbox 426 1499 532 1567; x_wconf 89' lang='lat' dir='ltr'>unius</span> <span class='ocrx_word' id='word_1_75' title='bbox 545 1499 706 1566; x_wconf 85' lang='lat' dir='ltr'>voluntas</span> <span class='ocrx_word' id='word_1_76' title='bbox 719 1518 763 1564; x_wconf 93' lang='lat' dir='ltr'>an</span> <span class='ocrx_word' id='word_1_77' title='bbox 778 1497 866 1586; x_wconf 87' lang='lat' dir='ltr'>legis</span> <span class='ocrx_word' id='word_1_78' title='bbox 879 1497 1002 1564; x_wconf 88' lang='lat' dir='ltr'>melior</span> <span class='ocrx_word' id='word_1_79' title='bbox 1014 1497 1191 1565; x_wconf 88' lang='lat' dir='ltr'>habenda.</span> 
     </span>
     <span class='ocr_line' id='line_1_12' title="bbox 138 1610 1194 1703; baseline -0.004 -20"><span class='ocrx_word' id='word_1_80' title='bbox 138 1614 348 1703; x_wconf 88' lang='lat' dir='ltr'>Splendidas</span> <span class='ocrx_word' id='word_1_81' title='bbox 361 1614 503 1703; x_wconf 91' lang='lat' dir='ltr'>quidem</span> <span class='ocrx_word' id='word_1_82' title='bbox 523 1613 560 1680; x_wconf 93' lang='lat' dir='ltr'>in</span> <span class='ocrx_word' id='word_1_83' title='bbox 576 1611 713 1702; x_wconf 83' lang='lat' dir='ltr'>dialogo</span> <span class='ocrx_word' id='word_1_84' title='bbox 728 1632 894 1701; x_wconf 90' lang='lat' dir='ltr'>supremo</span> <span class='ocrx_word' id='word_1_85' title='bbox 914 1611 1051 1700; x_wconf 84' lang='lat' dir='ltr'>legibus</span> <span class='ocrx_word' id='word_1_86' title='bbox 1072 1610 1194 1679; x_wconf 89' lang='lat' dir='ltr'>laudes</span> 
     </span>
     <span class='ocr_line' id='line_1_13' title="bbox 137 1727 1192 1819; baseline -0.004 -20"><span class='ocrx_word' id='word_1_87' title='bbox 137 1731 279 1816; x_wconf 84' lang='lat' dir='ltr'>tribuit,</span> <span class='ocrx_word' id='word_1_88' title='bbox 297 1736 401 1819; x_wconf 87' lang='lat' dir='ltr'>atque</span> <span class='ocrx_word' id='word_1_89' title='bbox 416 1730 484 1797; x_wconf 84' lang='lat' dir='ltr'>illis</span> <span class='ocrx_word' id='word_1_90' title='bbox 498 1729 723 1817; x_wconf 82' lang='lat' dir='ltr'>magistratus</span> <span class='ocrx_word' id='word_1_91' title='bbox 738 1729 834 1816; x_wconf 90' lang='lat' dir='ltr'>ipsos</span> <span class='ocrx_word' id='word_1_92' title='bbox 850 1728 1050 1796; x_wconf 90' lang='lat' dir='ltr'>ministrare</span> <span class='ocrx_word' id='word_1_93' title='bbox 1064 1727 1192 1806; x_wconf 88' lang='lat' dir='ltr'>voluit;</span> 
     </span>
     <span class='ocr_line' id='line_1_14' title="bbox 136 1841 1192 1932; baseline 0 -23"><span class='ocrx_word' id='word_1_94' title='bbox 136 1843 199 1910; x_wconf 90' lang='lat' dir='ltr'>sed</span> <span class='ocrx_word' id='word_1_95' title='bbox 222 1848 302 1911; x_wconf 87' lang='lat' dir='ltr'>ante</span> <span class='ocrx_word' id='word_1_96' title='bbox 326 1843 364 1910; x_wconf 94' lang='lat' dir='ltr'>in</span> <span class='ocrx_word' id='word_1_97' title='bbox 391 1842 526 1932; x_wconf 83' lang='lat' dir='ltr'>dialogo</span> <span class='ocrx_word' id='word_1_98' title='bbox 546 1841 599 1908; x_wconf 86' lang='lat' dir='ltr'>De</span> <span class='ocrx_word' id='word_1_99' title='bbox 615 1841 707 1928; x_wconf 74' lang='lat' dir='ltr'>Repe</span> <span class='ocrx_word' id='word_1_100' title='bbox 722 1861 832 1930; x_wconf 90' lang='lat' dir='ltr'>quum</span> <span class='ocrx_word' id='word_1_101' title='bbox 854 1862 930 1908; x_wconf 89' lang='lat' dir='ltr'>rem</span> <span class='ocrx_word' id='word_1_102' title='bbox 949 1841 986 1907; x_wconf 91' lang='lat' dir='ltr'>in</span> <span class='ocrx_word' id='word_1_103' title='bbox 1006 1846 1192 1928; x_wconf 89' lang='lat' dir='ltr'>utramque</span> 
     </span>
     <span class='ocr_line' id='line_1_15' title="bbox 134 1954 1191 2045; baseline 0 -22"><span class='ocrx_word' id='word_1_104' title='bbox 134 1961 271 2045; x_wconf 88' lang='lat' dir='ltr'>partem</span> <span class='ocrx_word' id='word_1_105' title='bbox 284 1957 504 2040; x_wconf 82' lang='lat' dir='ltr'>versavisset,</span> <span class='ocrx_word' id='word_1_106' title='bbox 523 1975 625 2023; x_wconf 90' lang='lat' dir='ltr'>suam</span> <span class='ocrx_word' id='word_1_107' title='bbox 641 1954 880 2022; x_wconf 84' lang='lat' dir='ltr'>declaraverat</span> <span class='ocrx_word' id='word_1_108' title='bbox 899 1954 1112 2023; x_wconf 86' lang='lat' dir='ltr'>sententiam</span> <span class='ocrx_word' id='word_1_109' title='bbox 1134 1955 1191 2023; x_wconf 89' lang='lat' dir='ltr'>his</span> 
     </span>
    </p>
   </div>
   <div class='ocr_carea' id='block_1_3' title="bbox 90 2071 1192 3791">
    <p class='ocr_par' dir='ltr' id='par_1_3' title="bbox 90 2071 1192 3791">
     <span class='ocr_line' id='line_1_16' title="bbox 134 2071 1192 2161; baseline -0.002 -21"><span class='ocrx_word' id='word_1_110' title='bbox 134 2071 252 2140; x_wconf 83' lang='lat' dir='ltr'>verbis</span> <span class='ocrx_word' id='word_1_111' title='bbox 273 2098 280 2138; x_wconf 89' lang='lat'><strong>:</strong></span> <span class='ocrx_word' id='word_1_112' title='bbox 304 2072 456 2152; x_wconf 82' lang='lat' dir='ltr'>«Quum</span> <span class='ocrx_word' id='word_1_113' title='bbox 475 2072 549 2140; x_wconf 87' lang='lat' dir='ltr'>sola</span> <span class='ocrx_word' id='word_1_114' title='bbox 570 2071 648 2140; x_wconf 83' lang='lat' dir='ltr'>haec</span> <span class='ocrx_word' id='word_1_115' title='bbox 669 2092 777 2161; x_wconf 91' lang='lat' dir='ltr'>quem</span> <span class='ocrx_word' id='word_1_116' title='bbox 800 2072 1074 2139; x_wconf 87' lang='lat' dir='ltr'>memoravimus</span> <span class='ocrx_word' id='word_1_117' title='bbox 1094 2075 1192 2139; x_wconf 88' lang='lat' dir='ltr'>recta</span> 
     </span>
     <span class='ocr_line' id='line_1_17' title="bbox 136 2187 1192 2279; baseline -0.001 -23"><span class='ocrx_word' id='word_1_118' title='bbox 136 2189 245 2258; x_wconf 87' lang='lat' dir='ltr'>cirilis</span> <span class='ocrx_word' id='word_1_119' title='bbox 271 2188 477 2279; x_wconf 86' lang='lat' dir='ltr'>gubernatio</span> <span class='ocrx_word' id='word_1_120' title='bbox 503 2189 558 2269; x_wconf 89' lang='lat' dir='ltr'>sit,</span> <span class='ocrx_word' id='word_1_121' title='bbox 581 2209 699 2256; x_wconf 89' lang='lat' dir='ltr'>nonne</span> <span class='ocrx_word' id='word_1_122' title='bbox 724 2193 870 2256; x_wconf 75' lang='lat' dir='ltr'>caeteras</span> <span class='ocrx_word' id='word_1_123' title='bbox 893 2188 998 2277; x_wconf 90' lang='lat' dir='ltr'>hujus</span> <span class='ocrx_word' id='word_1_124' title='bbox 1022 2187 1192 2255; x_wconf 88' lang='lat' dir='ltr'>institutis</span> 
     </span>
     <span class='ocr_line' id='line_1_18' title="bbox 135 2299 1191 2391; baseline 0 -22"><span class='ocrx_word' id='word_1_125' title='bbox 135 2306 275 2370; x_wconf 89' lang='lat' dir='ltr'>utentes</span> <span class='ocrx_word' id='word_1_126' title='bbox 301 2301 432 2369; x_wconf 86' lang='lat' dir='ltr'>servari</span> <span class='ocrx_word' id='word_1_127' title='bbox 455 2322 603 2369; x_wconf 89' lang='lat' dir='ltr'>necesse</span> <span class='ocrx_word' id='word_1_128' title='bbox 632 2307 698 2385; x_wconf 92' lang='lat' dir='ltr'>cst,</span> <span class='ocrx_word' id='word_1_129' title='bbox 723 2301 808 2369; x_wconf 91' lang='lat' dir='ltr'>dum</span> <span class='ocrx_word' id='word_1_130' title='bbox 834 2306 942 2391; x_wconf 86' lang='lat' dir='ltr'>agunt</span> <span class='ocrx_word' id='word_1_131' title='bbox 963 2299 1058 2390; x_wconf 91' lang='lat' dir='ltr'>quod</span> <span class='ocrx_word' id='word_1_132' title='bbox 1086 2301 1191 2369; x_wconf 91' lang='lat' dir='ltr'>modo</span> 
     </span>
     <span class='ocr_line' id='line_1_19' title="bbox 134 2417 1191 2505; baseline 0 -20"><span class='ocrx_word' id='word_1_133' title='bbox 134 2417 375 2502; x_wconf 66' lang='lat' dir='ltr'>laudabamus</span> <span class='ocrx_word' id='word_1_134' title='bbox 398 2417 557 2505; x_wconf 90' lang='lat' dir='ltr'>quamvis</span> <span class='ocrx_word' id='word_1_135' title='bbox 582 2417 820 2486; x_wconf 90' lang='lat' dir='ltr'>rectissimum</span> <span class='ocrx_word' id='word_1_136' title='bbox 844 2439 916 2485; x_wconf 91' lang='lat' dir='ltr'>non</span> <span class='ocrx_word' id='word_1_137' title='bbox 943 2417 1013 2486; x_wconf 81' lang='lat' dir='ltr'>sit‘t</span> <span class='ocrx_word' id='word_1_138' title='bbox 1034 2418 1191 2500; x_wconf 88' lang='lat' dir='ltr'>-Quid</span> 
     </span>
     <span class='ocr_line' id='line_1_20' title="bbox 133 2532 1190 2623; baseline 0.002 -23"><span class='ocrx_word' id='word_1_139' title='bbox 133 2533 245 2600; x_wconf 85' lang='lat' dir='ltr'>illud‘t</span> <span class='ocrx_word' id='word_1_140' title='bbox 259 2572 304 2584; x_wconf 90' lang='lat'><em>-</em></span> <span class='ocrx_word' id='word_1_141' title='bbox 318 2532 421 2614; x_wconf 87' lang='lat' dir='ltr'>Quod</span> <span class='ocrx_word' id='word_1_142' title='bbox 439 2551 544 2600; x_wconf 91' lang='lat' dir='ltr'>nemo</span> <span class='ocrx_word' id='word_1_143' title='bbox 564 2533 753 2622; x_wconf 87' lang='lat' dir='ltr'>quicquam</span> <span class='ocrx_word' id='word_1_144' title='bbox 772 2539 902 2623; x_wconf 88' lang='lat' dir='ltr'>praeter</span> <span class='ocrx_word' id='word_1_145' title='bbox 917 2532 1013 2623; x_wconf 80' lang='lat' dir='ltr'>leges</span> <span class='ocrx_word' id='word_1_146' title='bbox 1029 2535 1190 2602; x_wconf 89' lang='lat' dir='ltr'>commit-</span> 
     </span>
     <span class='ocr_line' id='line_1_21' title="bbox 133 2649 1192 2739; baseline 0.002 -22"><span class='ocrx_word' id='word_1_147' title='bbox 133 2655 208 2718; x_wconf 89' lang='lat' dir='ltr'>tere</span> <span class='ocrx_word' id='word_1_148' title='bbox 223 2649 350 2719; x_wconf 86' lang='lat' dir='ltr'>audeat</span> <span class='ocrx_word' id='word_1_149' title='bbox 370 2654 405 2718; x_wconf 86' lang='lat' dir='ltr'>et</span> <span class='ocrx_word' id='word_1_150' title='bbox 425 2649 584 2739; x_wconf 90' lang='lat' dir='ltr'>quisquis</span> <span class='ocrx_word' id='word_1_151' title='bbox 609 2649 732 2736; x_wconf 89' lang='lat' dir='ltr'>audet,</span> <span class='ocrx_word' id='word_1_152' title='bbox 758 2655 872 2718; x_wconf 91' lang='lat' dir='ltr'>morte</span> <span class='ocrx_word' id='word_1_153' title='bbox 897 2649 1128 2719; x_wconf 85' lang='lat' dir='ltr'>mulctetur...</span> <span class='ocrx_word' id='word_1_154' title='bbox 1150 2650 1192 2719; x_wconf 89' lang='lat' dir='ltr'>Id</span> 
     </span>
     <span class='ocr_line' id='line_1_22' title="bbox 135 2767 1190 2855; baseline 0.001 -20"><span class='ocrx_word' id='word_1_155' title='bbox 135 2772 251 2835; x_wconf 90' lang='lat' dir='ltr'>autern</span> <span class='ocrx_word' id='word_1_156' title='bbox 274 2772 328 2836; x_wconf 90' lang='lat' dir='ltr'>est</span> <span class='ocrx_word' id='word_1_157' title='bbox 353 2767 507 2834; x_wconf 83' lang='lat' dir='ltr'>secundo</span> <span class='ocrx_word' id='word_1_158' title='bbox 531 2768 604 2834; x_wconf 88' lang='lat' dir='ltr'>loco</span> <span class='ocrx_word' id='word_1_159' title='bbox 624 2769 860 2836; x_wconf 79' lang='lat' dir='ltr'>rectissimum</span> <span class='ocrx_word' id='word_1_160' title='bbox 883 2772 987 2855; x_wconf 89' lang='lat' dir='ltr'>atque</span> <span class='ocrx_word' id='word_1_161' title='bbox 1010 2767 1190 2836; x_wconf 88' lang='lat' dir='ltr'>honestis-</span> 
     </span>
     <span class='ocr_line' id='line_1_23' title="bbox 135 2884 1190 2975; baseline 0.002 -23"><span class='ocrx_word' id='word_1_162' title='bbox 135 2884 282 2970; x_wconf 90' lang='lat' dir='ltr'>simum;</span> <span class='ocrx_word' id='word_1_163' title='bbox 304 2885 433 2974; x_wconf 91' lang='lat' dir='ltr'>primo·</span> <span class='ocrx_word' id='word_1_164' title='bbox 447 2905 601 2973; x_wconf 88' lang='lat' dir='ltr'>namque</span> <span class='ocrx_word' id='word_1_165' title='bbox 626 2885 664 2952; x_wconf 92' lang='lat' dir='ltr'>in</span> <span class='ocrx_word' id='word_1_166' title='bbox 686 2885 762 2952; x_wconf 88' lang='lat' dir='ltr'>loco</span> <span class='ocrx_word' id='word_1_167' title='bbox 787 2886 993 2974; x_wconf 91' lang='lat' dir='ltr'>ponendum</span> <span class='ocrx_word' id='word_1_168' title='bbox 1020 2886 1115 2975; x_wconf 90' lang='lat' dir='ltr'>quod</span> <span class='ocrx_word' id='word_1_169' title='bbox 1137 2893 1190 2955; x_wconf 88' lang='lat' dir='ltr'>est</span> 
     </span>
     <span class='ocr_line' id='line_1_24' title="bbox 134 2993 1188 3092; baseline 0.003 -24"><span class='ocrx_word' id='word_1_170' title='bbox 134 3001 265 3069; x_wconf 92' lang='lat' dir='ltr'>dictum</span> <span class='ocrx_word' id='word_1_171' title='bbox 286 3000 382 3088; x_wconf 76' lang='grc'>(1).»</span> <span class='ocrx_word' id='word_1_172' title='bbox 400 3002 475 3070; x_wconf 94' lang='lat' dir='ltr'>Imo</span> <span class='ocrx_word' id='word_1_173' title='bbox 495 3002 605 3092; x_wconf 87' lang='lat' dir='ltr'>leges,</span> <span class='ocrx_word' id='word_1_174' title='bbox 627 3001 842 3070; x_wconf 86' lang='lat' dir='ltr'>multitudini</span> <span class='ocrx_word' id='word_1_175' title='bbox 867 3002 996 3071; x_wconf 91' lang='lat' dir='ltr'>civium</span> <span class='ocrx_word' id='word_1_176' title='bbox 1022 2993 1188 3071; x_wconf 81' lang='lat' dir='ltr'>immuta-</span> 
     </span>
     <span class='ocr_line' id='line_1_25' title="bbox 133 3116 1191 3211; baseline 0.004 -27"><span class='ocrx_word' id='word_1_177' title='bbox 133 3116 224 3185; x_wconf 89' lang='lat' dir='ltr'>biles</span> <span class='ocrx_word' id='word_1_178' title='bbox 243 3117 438 3205; x_wconf 87' lang='lat' dir='ltr'>habendas,</span> <span class='ocrx_word' id='word_1_179' title='bbox 463 3119 497 3186; x_wconf 86' lang='lat' dir='ltr'>vi</span> <span class='ocrx_word' id='word_1_180' title='bbox 517 3138 749 3208; x_wconf 88' lang='lat' dir='ltr'>perrumpere</span> <span class='ocrx_word' id='word_1_181' title='bbox 772 3123 812 3187; x_wconf 95' lang='lat' dir='ltr'>ut</span> <span class='ocrx_word' id='word_1_182' title='bbox 834 3119 870 3187; x_wconf 91' lang='lat' dir='ltr'>in</span> <span class='ocrx_word' id='word_1_183' title='bbox 892 3119 1018 3187; x_wconf 91' lang='lat' dir='ltr'>melius</span> <span class='ocrx_word' id='word_1_184' title='bbox 1039 3119 1191 3211; x_wconf 81' lang='lat' dir='ltr'>corrigat</span> 
     </span>
     <span class='ocr_line' id='line_1_26' title="bbox 133 3232 1187 3324; baseline 0.005 -25"><span class='ocrx_word' id='word_1_185' title='bbox 133 3232 186 3300; x_wconf 91' lang='lat' dir='ltr'>vir</span> <span class='ocrx_word' id='word_1_186' title='bbox 200 3233 318 3322; x_wconf 86' lang='lat' dir='ltr'>regius</span> <span class='ocrx_word' id='word_1_187' title='bbox 336 3233 416 3320; x_wconf 87' lang='lat' dir='ltr'>jure</span> <span class='ocrx_word' id='word_1_188' title='bbox 437 3235 576 3323; x_wconf 90' lang='lat' dir='ltr'>poterit.</span> <span class='ocrx_word' id='word_1_189' title='bbox 595 3255 613 3301; x_wconf 88' lang='lat'>«</span> <span class='ocrx_word' id='word_1_190' title='bbox 629 3234 720 3302; x_wconf 89' lang='lat' dir='ltr'>Nam</span> <span class='ocrx_word' id='word_1_191' title='bbox 734 3239 773 3302; x_wconf 93' lang='lat' dir='ltr'>ut</span> <span class='ocrx_word' id='word_1_192' title='bbox 791 3235 1017 3324; x_wconf 87' lang='lat' dir='ltr'>gubernator,</span> <span class='ocrx_word' id='word_1_193' title='bbox 1038 3234 1083 3302; x_wconf 87' lang='lat' dir='ltr'>ad</span> <span class='ocrx_word' id='word_1_194' title='bbox 1097 3254 1187 3304; x_wconf 90' lang='lat' dir='ltr'>nau-</span> 
     </span>
     <span class='ocr_line' id='line_1_27' title="bbox 90 3351 1188 3440; baseline 0.005 -25"><span class='ocrx_word' id='word_1_195' title='bbox 90 3406 96 3415; x_wconf 95' lang='lat'><strong>.</strong></span> <span class='ocrx_word' id='word_1_196' title='bbox 133 3355 248 3417; x_wconf 90' lang='lat' dir='ltr'>tarum</span> <span class='ocrx_word' id='word_1_197' title='bbox 264 3351 432 3438; x_wconf 90' lang='lat' dir='ltr'>navisque</span> <span class='ocrx_word' id='word_1_198' title='bbox 458 3351 605 3419; x_wconf 84' lang='lat' dir='ltr'>salutem</span> <span class='ocrx_word' id='word_1_199' title='bbox 628 3351 836 3440; x_wconf 64' lang='lat' dir='ltr'>respiciens</span> <span class='ocrx_word' id='word_1_200' title='bbox 866 3371 936 3418; x_wconf 91' lang='lat' dir='ltr'>non</span> <span class='ocrx_word' id='word_1_201' title='bbox 960 3351 1100 3439; x_wconf 89' lang='lat' dir='ltr'>scriptis</span> <span class='ocrx_word' id='word_1_202' title='bbox 1124 3353 1188 3420; x_wconf 91' lang='lat' dir='ltr'>scd</span> 
     </span>
     <span class='ocr_line' id='line_1_28' title="bbox 133 3465 1186 3556; baseline 0.003 -25"><span class='ocrx_word' id='word_1_203' title='bbox 133 3469 207 3533; x_wconf 87' lang='lat' dir='ltr'>arte</span> <span class='ocrx_word' id='word_1_204' title='bbox 228 3465 330 3554; x_wconf 90' lang='lat' dir='ltr'>quasi</span> <span class='ocrx_word' id='word_1_205' title='bbox 355 3465 432 3556; x_wconf 88' lang='lat' dir='ltr'>lege</span> <span class='ocrx_word' id='word_1_206' title='bbox 458 3467 609 3555; x_wconf 87' lang='lat' dir='ltr'>quadam</span> <span class='ocrx_word' id='word_1_207' title='bbox 634 3473 759 3535; x_wconf 91' lang='lat' dir='ltr'>nautas</span> <span class='ocrx_word' id='word_1_208' title='bbox 783 3471 911 3553; x_wconf 91' lang='lat' dir='ltr'>servat,</span> <span class='ocrx_word' id='word_1_209' title='bbox 934 3467 983 3533; x_wconf 88' lang='lat' dir='ltr'>ita</span> <span class='ocrx_word' id='word_1_210' title='bbox 1003 3470 1039 3534; x_wconf 91' lang='lat' dir='ltr'>et</span> <span class='ocrx_word' id='word_1_211' title='bbox 1055 3466 1107 3533; x_wconf 92' lang='lat' dir='ltr'>vir</span> <span class='ocrx_word' id='word_1_212' title='bbox 1127 3467 1186 3535; x_wconf 90' lang='lat' dir='ltr'>ille</span> 
     </span>
     <span class='ocr_line' id='line_1_29' title="bbox 132 3582 1187 3674; baseline 0.004 -26"><span class='ocrx_word' id='word_1_213' title='bbox 132 3602 214 3650; x_wconf 89' lang='lat' dir='ltr'>vere</span> <span class='ocrx_word' id='word_1_214' title='bbox 229 3582 352 3670; x_wconf 91' lang='lat' dir='ltr'>civilis,</span> <span class='ocrx_word' id='word_1_215' title='bbox 370 3589 406 3651; x_wconf 93' lang='lat' dir='ltr'>et</span> <span class='ocrx_word' id='word_1_216' title='bbox 419 3583 512 3672; x_wconf 87' lang='lat' dir='ltr'>apud</span> <span class='ocrx_word' id='word_1_217' title='bbox 529 3604 589 3653; x_wconf 91' lang='lat' dir='ltr'>eos</span> <span class='ocrx_word' id='word_1_218' title='bbox 605 3585 666 3674; x_wconf 91' lang='lat' dir='ltr'>qui</span> <span class='ocrx_word' id='word_1_219' title='bbox 679 3585 728 3651; x_wconf 90' lang='lat' dir='ltr'>ita</span> <span class='ocrx_word' id='word_1_220' title='bbox 742 3583 915 3651; x_wconf 89' lang='lat' dir='ltr'>dominari</span> <span class='ocrx_word' id='word_1_221' title='bbox 929 3588 1077 3674; x_wconf 91' lang='lat' dir='ltr'>possunt</span> <span class='ocrx_word' id='word_1_222' title='bbox 1090 3590 1187 3652; x_wconf 90' lang='lat' dir='ltr'>recta</span> 
     </span>
     <span class='ocr_line' id='line_1_30' title="bbox 133 3695 1188 3791; baseline 0.005 -29"><span class='ocrx_word' id='word_1_223' title='bbox 133 3698 186 3762; x_wconf 91' lang='lat' dir='ltr'>est</span> <span class='ocrx_word' id='word_1_224' title='bbox 220 3714 339 3764; x_wconf 90' lang='lat' dir='ltr'>rerum</span> <span class='ocrx_word' id='word_1_225' title='bbox 371 3695 524 3765; x_wconf 88' lang='lat' dir='ltr'>civilium</span> <span class='ocrx_word' id='word_1_226' title='bbox 556 3696 812 3766; x_wconf 88' lang='lat' dir='ltr'>administratio</span> <span class='ocrx_word' id='word_1_227' title='bbox 843 3697 913 3767; x_wconf 88' lang='lat' dir='ltr'>vim</span> <span class='ocrx_word' id='word_1_228' title='bbox 939 3697 1023 3767; x_wconf 86' lang='lat' dir='ltr'>artis</span> <span class='ocrx_word' id='word_1_229' title='bbox 1050 3697 1188 3791; x_wconf 85' lang='lat' dir='ltr'>legibus</span> 
     </span>
    </p>
   </div>
   <div class='ocr_carea' id='block_1_4' title="bbox 164 3942 418 4022">
    <p class='ocr_par' dir='ltr' id='par_1_4' title="bbox 164 3942 418 4022">
     <span class='ocr_line' id='line_1_31' title="bbox 164 3942 418 4022; baseline 0.016 -17"><span class='ocrx_word' id='word_1_230' title='bbox 164 3954 199 4020; x_wconf 78' lang='lat'>(1)</span> <span class='ocrx_word' id='word_1_231' title='bbox 212 3955 352 4022; x_wconf 72' lang='lat' dir='ltr'>Portum,</span> <span class='ocrx_word' id='word_1_232' title='bbox 362 3942 418 4009; x_wconf 73' lang='lat' dir='ltr'>aad.</span> 
     </span>
    </p>
   </div>
   <div class='ocr_carea' id='block_1_5' title="bbox 0 0 1396 4576">
    <p class='ocr_par' dir='ltr' id='par_1_5' title="bbox 0 0 1396 4576">
     <span class='ocr_line' id='line_1_32' title="bbox 0 0 1396 4576; baseline 0 2"><span class='ocrx_word' id='word_1_233' title='bbox 0 0 1396 4576; x_wconf 95' lang='lat' dir='ltr'> </span> 
     </span>
    </p>
   </div>
  </div>
 </body>
</html>
