2782 4576
204 408 207 413 .
614 365 655 377 -
674 329 715 396 46
737 365 773 378 ···

165 465 282 530 autem
296 460 378 530 idea
391 461 450 530 illa
474 463 552 551 ipsa
571 463 647 531 sine
674 462 780 532 dubio
805 463 1028 532 emendanda
1050 484 1090 532 ac
1115 467 1221 534 casti-

165 577 294 668 ganda!
311 577 397 658 Quae
414 583 467 646 ast
481 578 548 646 ista
562 578 650 646 ratio
659 577 826 668 placitum
841 579 1010 668 quidquid
1021 579 1215 672 sibiluerit,

129 734 134 742 -
165 693 209 762 ob
237 693 305 762 hoc
333 693 425 783 quod
452 693 586 782 placet,
618 694 656 762 in
691 694 780 764 coelo
808 716 953 785 ponere,
987 702 1022 765 et
1047 701 1220 767 aeternum

165 809 369 879 renuntiare
389 807 466 898 (l)‘l
494 845 497 852 .

209 923 343 994 Crescit
363 924 603 1010 nihilominus,
617 926 781 1015 quamvis
801 926 923 994 morbo
940 925 1062 996 affecta
1076 927 1216 1014 civitas3

163 1059 268 1131 quam
284 1040 403 1129 utique
421 1040 520 1109 Plato
534 1059 694 1110 crescere
706 1042 800 1109 sinit.
813 1042 895 1110 Mox
904 1043 1030 1133 ingens
1044 1064 1217 1112 numerus

165 1156 293 1226 civium
317 1157 355 1224 in
377 1154 507 1225 classes
529 1157 729 1226 necessario
752 1156 927 1226 dividitur.
945 1157 1015 1238 Qui
1030 1159 1125 1227 enim
1141 1178 1220 1227 car-

164 1293 247 1341 nem
275 1272 384 1342 edunt
405 1277 508 1340 terra
528 1277 643 1341 vastos
672 1277 803 1342 tractus
829 1279 995 1363 appetent
1027 1295 1092 1364 per
1130 1294 1220 1364 quos

164 1407 292 1479 pecora
306 1386 456 1456 educere
470 1388 615 1478 possint.
633 1387 738 1456 Fines
754 1409 837 1478 ergo
850 1389 1044 1457 vicinarum
1060 1390 1218 1480 gentium
1266 1432 1268 1436 ν

163 1503 329 1573 invadent
341 1521 381 1571 ac
393 1502 525 1572 bellum
538 1502 690 1572 ciebunt.
706 1503 792 1571 Inde
806 1505 999 1572 exercitum
1013 1524 1218 1594 comparare

165 1618 399 1688 conabuntur.
434 1599 562 1688 Milites
586 1639 669 1686 vero
702 1639 804 1687 suum
839 1619 883 1688 ad
911 1639 1040 1688 munus
1070 1619 1220 1690 idoneos

166 1734 262 1804 nulla
276 1734 396 1804 civitas
410 1733 604 1823 possidebit
619 1734 686 1802 nisi
704 1734 781 1802 illos
802 1755 821 1803 a
845 1736 995 1824 pueritia
1015 1735 1217 1804 educandos

167 1851 356 1935 curaverit3
380 1872 398 1918 a
420 1851 449 1918 si
465 1849 620 1939 quidem,
639 1850 753 1938 inquit
764 1851 840 1940 ipse
855 1851 966 1939 Plato,
983 1856 1020 1919 tu
1037 1856 1141 1941 atque
1155 1861 1221 1920 nos

167 1987 289 2036 omnes
303 1973 398 2036 recte
415 1966 597 2055 superiora
612 1966 862 2054 concessimus,
878 1987 959 2034 cum
981 1967 1107 2035 urbem
1131 1986 1217 2036 con·

167 2085 352 2153 stituentes
373 2083 412 2150 in
438 2081 506 2150 hoc
526 2082 754 2149 convenimus
769 2082 987 2171 impossibile
1008 2103 1086 2151 esse
1109 2088 1220 2151 unum

166 2198 286 2287 plures
304 2202 396 2267 artes
410 2197 501 2265 bene
518 2217 683 2265 exercere
698 2197 760 2286 (2).
781 2219 798 2265 )>
823 2197 939 2267 Tertia
960 2205 1079 2267 autem
1096 2197 1220 2267 elassis

169 2315 331 2383 oriturex
347 2333 388 2408 eo
404 2313 498 2402 quod
516 2333 663 2381 necesse
691 2318 744 2381 est
767 2314 857 2381 viros
884 2333 1016 2402 paucos
1033 2319 1160 2382 cuncta
1180 2315 1220 2382 in

165 2428 346 2520 republica
359 2428 542 2517 prouidere
554 2449 594 2496 ac
605 2433 818 2518 temperare:
834 2428 968 2498 scilicet
979 2430 1215 2520 magistratus.

166 2545 269 2627 Quod
289 2543 413 2633 triplex
431 2543 614 2615 hominnm
629 2564 739 2633 genus
759 2549 860 2633 putes
875 2545 941 2613 tria
961 2544 1067 2613 veluti
1083 2537 1220 2634 orpaoo

168 2663 201 2729 in
224 2680 370 2750 corpore
386 2659 533 2729 civitatis
548 2680 626 2728 esse
648 2680 689 2728 ao
708 2654 898 2728 viventium
922 2661 1073 2750 partium
1090 2681 1220 2728 munus

167 2777 323 2866 exsequi.
344 2776 389 2844 At
408 2776 438 2843 si
452 2795 510 2844 res
530 2780 661 2844 attente
676 2775 894 2858 consideres,
907 2774 1219 2846 rideasPlatonem

167 2913 208 2962 eo
218 2891 322 2961 modo
337 2891 468 2960 classes
482 2889 648 2960 definisse
662 2899 700 2959 ut
716 2891 831 2980 potius
843 2891 1072 2980 cogitationes
1083 2891 1219 2979 viduaS,

167 3028 187 3078 a
203 3009 309 3077 rebus
327 3006 533 3094 abstractas,
555 3026 660 3096 quam
678 3012 795 3097 partes
810 3006 961 3074 viventis
978 3004 1138 3075 animalis
1162 3026 1221 3075 eas

168 3122 335 3194 effecerit.

209 3241 286 3311 lam
315 3239 393 3328 quis
420 3244 473 3308 est
502 3238 746 3328 unusquisque
774 3243 834 3306 aut
863 3237 1039 3328 opificum,
1063 3242 1131 3305 aut
1155 3237 1222 3303 mi-

166 3357 286 3442 litum,
321 3361 381 3424 aut
410 3354 676 3444 magistratuum
709 3353 837 3441 quibus
870 3352 1054 3421 elementis
1088 3356 1224 3420 constat

168 3488 317 3558 quaeque
346 3467 491 3538 classis‘l
519 3468 636 3557 Magni
662 3469 829 3537 momenti
856 3473 938 3536 sunt
959 3468 1037 3536 haec
1066 3465 1221 3535 Platonis

209 3681 243 3746 (ll
281 3671 503 3752 ...respondimus
537 3680 673 3738 ποιῢυντες
705 3679 759 3737 aaa
791 3669 867 3738 θεοὺς
905 3676 949 3749 μὲν
987 3669 1050 3729 εἶναι
1074 3674 1223 3748 pinsendo,

167 3762 368 3845 ἀνθρωποειδεῖς
381 3763 420 3823 δι.
436 3768 511 3823 Orici
532 3768 582 3844 γὰρ
600 3769 683 3823 ἐκεῖνοι
699 3761 762 3821 alla
782 3771 884 3822 ὶποιοῦν
899 3767 920 3826 ἦ
936 3762 1093 3846 ἀνθρώπους
1107 3761 1216 3831 ἀϊδίους,

169 3856 228 3917 οὐθ’
245 3854 317 3916 οὗτοι
332 3860 369 3915 τὰ
384 3854 451 3927 sido,
466 3853 524 3914 ἀλλ’
540 3853 656 3916 αἰσθητὰ
670 3853 752 3914 ἀΐδια.
772 3855 910 3933 (ARIST.)

200 3963 234 4025 (2)
252 3960 287 4009 De
300 3960 366 4036 nep„
382 3961 438 4020 eit,
452 3972 477 4006 u.
