2782 4576
668 324 826 386 ...98-

221 466 261 529 ut
290 481 350 530 eos
381 480 505 531 omnes
532 461 650 528 intuiti
679 459 820 549 etquis
851 457 1004 547 optimus
1032 461 1076 528 sit
1103 461 1166 545 vir,
1197 463 1276 550 quis

221 577 397 665 pessimus
422 575 662 663 declarantes,
691 574 995 644 consideraremus
1025 577 1197 666 numquid
1223 577 1276 645 vir

220 693 372 781 optimus
394 691 628 778 felicissimus,
650 693 826 782 pessimus
840 697 958 761 autem
975 693 1208 779 miserrimum
1229 713 1274 760 an
1320 679 1325 685 ’

223 827 262 876 se
277 827 335 876 res
350 807 449 877 aliter
459 807 614 877 habeat‘t
628 808 941 898 tt)...Tyrannicus
951 809 1004 878 vir
1017 809 1146 877 civitati
1160 815 1277 899 tyran·

222 921 304 991 uide
338 944 517 1014 oppressae
550 923 758 991 simillimus,
792 919 976 1010 Popularia
1014 921 1067 988 vir
1101 920 1274 1010 populari,

225 1039 410 1130 ceterique
441 1040 611 1107 similiter.
636 1077 679 1089 -
701 1038 853 1120 Quidntt
870 1077 913 1088 -
928 1037 1025 1106 Sicut
1044 1058 1082 1106 se
1106 1037 1213 1106 habet
1232 1037 1276 1105 ad

177 1181 180 1188 ¹
222 1155 397 1224 civitatem
412 1155 531 1224 civitas
549 1156 673 1224 virtute
699 1160 733 1224 et
757 1155 932 1240 felicitate,
949 1155 998 1222 ita
1016 1155 1068 1222 vir
1083 1175 1222 1244 quoque
1238 1175 1276 1223 se

221 1271 329 1340 habet
341 1271 385 1340 ad
396 1270 550 1340 virum...
568 1271 642 1362 Age
658 1272 789 1360 itaque,
807 1272 857 1339 sic
873 1271 1058 1338 considera
1074 1269 1276 1337 similitudi-

222 1406 316 1470 nem,
338 1387 506 1455 memoria
519 1394 685 1477 repetens
701 1393 736 1456 et
746 1386 893 1456 civitatis
909 1391 944 1455 et
958 1386 1023 1454 viri
1039 1391 1142 1474 atque
1158 1384 1278 1474 singit·
1362 1424 1365 1432 -

222 1502 318 1572 latim
335 1503 559 1594 vicissimque
583 1504 766 1593 utriusque
792 1501 937 1572 affectus
962 1501 1212 1569 animadverte.
1233 1538 1278 1550 —

222 1619 286 1688 Dio
300 1619 432 1709 quales.
444 1659 488 1670 -
503 1620 692 1708 Principio,
709 1619 856 1688 liberam
868 1619 1040 1686 civitatem
1057 1616 1276 1706 tyrannicam

223 1734 342 1823 dicae,
368 1757 413 1804 an
437 1737 600 1805 servam‘?
624 1775 668 1785 -
698 1736 848 1804 Maxime
866 1736 1035 1804 ¹omnium
1066 1753 1278 1802 servam.-

283 1851 374 1932 Quid
388 1853 513 1942 porro‘t
530 1873 669 1921 servum
683 1872 728 1920 an
738 1853 887 1921 liberum
907 1850 1108 1941 hujusmodi
1122 1850 1279 1919 animum

224 1966 440 2056 appellabis?
452 1954 670 2037 -Servum
688 2007 731 2018 -
744 1968 849 2058 Atqui
868 1988 969 2036 serva
987 1974 1022 2036 et
1034 1973 1183 2056 tyranno
1199 1965 1279 2034 sub·

225 2080 295 2148 dita
325 2081 461 2168 civitae,
488 2083 633 2151 minime
663 2104 741 2173 quae
764 2083 837 2152 vult
859 2083 942 2173 agit.
961 2122 1004 2132 -
1022 2081 1211 2151 Nimirum.
1234 2120 1278 2132 —

224 2196 441 2285 Tyrannicus
459 2200 565 2289 igitur
585 2200 723 2268 animus
746 2199 891 2288 minime
906 2219 985 2288 quae
1003 2197 1077 2266 vult
1096 2196 1221 2265 efficiet
1241 2201 1280 2264 ut

225 2316 276 2385 sic
289 2318 332 2386 de
351 2323 422 2386 toto
438 2320 554 2387 animo
570 2320 683 2387 dicam
701 2346 708 2388 z
729 2319 791 2388 sed
804 2318 943 2387 stimulo
964 2338 1104 2407 semper
1124 2317 1278 2406 percitus

109 2522 111 2528 .
222 2437 385 2524 violento,
414 2439 676 2528 perturbatione
699 2439 981 2529 poenitentiaque
996 2434 1216 2506 redundabit.
1235 2475 1279 2487 -

224 2551 680 2645 Quidnit-Tprannicam
703 2556 878 2624 civitatem
904 2555 1092 2622 divitemne
1123 2573 1166 2620 an
1192 2571 1277 2640 pau-

225 2691 346 2758 perem
374 2692 452 2741 esse
478 2692 625 2741 necesse
654 2673 732 2768 est‘t
758 2711 799 2723 -
823 2672 1032 2761 Pauperem.
1052 2708 1097 2722 -
1116 2669 1280 2738 Animam

225 2805 363 2875 quoquo
386 2786 621 2874 Tyrannicum
643 2787 845 2854 mendicum
861 2806 1001 2876 semper
1024 2791 1058 2853 et
1078 2782 1277 2872 inexplebi-

225 2901 295 2970 lem
310 2922 456 2970 necesse
471 2907 524 2970 est
536 2901 642 2970 esset
657 2939 698 2953 -
713 2902 822 2970 Estut
838 2902 936 2970 dicis.
952 2940 995 2951 —-
1008 2900 1197 2968 Metuvero
1214 2896 1280 2965 sol-

224 3018 350 3087 licitari
364 3039 483 3087 annon
512 3018 752 3087 necessarium
767 3024 820 3087 est
835 3018 1008 3087 civitatem
1029 3016 1135 3084 tatem
1159 3012 1281 3082 talern-

226 3155 307 3223 qua
324 3135 466 3203 virum?
492 3173 535 3189 ·-
562 3134 683 3204 Valde.
715 3134 1067 3203 —Lamentationes
1095 3135 1280 3220 praeterea,

225 3249 387 3339 suspiria,
407 3249 522 3337 fletus,
540 3250 730 3339 angustias,
750 3269 874 3318 censes
899 3250 936 3316 in
957 3248 1023 3316 atia
1050 3240 1189 3315 civitate
1214 3243 1282 3312 fre·
1316 3270 1321 3275 ·

228 3366 391 3455 quentius
406 3370 439 3434 te
457 3364 704 3455 reperturum?
723 3403 767 3414 -
781 3364 885 3431 Nullo
900 3367 1013 3452 pacto.
1028 3399 1069 3411 -
1087 3360 1129 3428 In
1140 3357 1282 3426 homine

225 3482 372 3571 insuper
388 3482 453 3550 alio
468 3481 550 3550 talia
566 3481 727 3570 quaedam
740 3480 849 3569 plura
863 3481 982 3547 inesse
997 3482 1099 3566 putes
1123 3494 1229 3568 quam
1245 3473 1281 3540 in

227 3593 408 3682 tyrannico
428 3593 486 3661 illo
513 3595 573 3682 qui
588 3593 836 3682 cupiditatibus
851 3592 1099 3678 amoribusque
1118 3586 1281 3655 insanit‘?

231 3744 274 3763 -
290 3705 449 3787 Quonam
463 3712 565 3796 paeto
588 3707 639 3796 (2)
652 3707 698 3774 111

263 3955 296 4016 (t)
315 3954 350 4003 ne
365 3954 432 4017 nep„
447 3957 501 4013 stt,
515 3969 538 4003 a.
556 3982 586 3992 -
605 3955 640 4016 (a)
654 3953 706 4016 nt,
721 3957 776 4016 sta,
789 3969 809 4004 c.
