2782 4576
609 329 769 390 ..29-

209 462 295 545 Quae
314 461 448 550 aequior
466 467 502 529 et
515 459 650 528 felicior
664 459 787 528 eadem
807 459 928 528 civitas
947 459 1053 527 etiam
1070 458 1216 526 validior

164 579 240 646 erit.
262 577 361 645 Idem
388 576 431 645 de
456 596 596 667 quoque
611 576 699 644 cive.
731 575 902 645 «Nonne
932 574 1039 645 talem
1066 575 1214 666 aliquam

163 695 234 763 vim
245 695 378 763 habere
392 693 531 762 videtur
544 693 743 783 (injustitia)
757 701 804 762 ut
810 694 1019 784 cuicumque
1034 695 1130 780 insit,
1143 696 1215 763 sive

164 812 304 898 civitati,
327 811 399 879 sive
426 811 534 900 genti,
556 810 629 878 sive
654 811 833 897 exercitui,
855 811 929 879 sive
954 810 1054 878 alteri
1076 810 1218 879 cuilibet

164 927 339 1015 impotens
363 925 487 993 reddat
513 925 551 992 id
579 925 636 993 cui
662 926 757 993 inest
786 925 918 1016 aliquid
945 945 1067 993 secum
1091 927 1218 1016 agendi

163 1049 306 1133 propter
327 1042 585 1111 dissensionem
609 1049 713 1130 atque
740 1043 963 1112 discordiam.
987 1042 1094 1132 Atqui
1122 1043 1215 1110 etin

165 1159 238 1226 viro
254 1158 413 1243 siluerit,
430 1158 661 1246 impotentem
676 1159 805 1248 agendi
820 1180 900 1227 eum
913 1159 1049 1244 reddet,
1067 1178 1147 1226 cum
1162 1179 1220 1226 se-

168 1296 248 1343 cum
280 1276 357 1364 ipse
390 1275 585 1363 dissentiat,
619 1297 736 1365 neque
760 1277 902 1346 sibimet
932 1281 1067 1345 constet
1092 1275 1218 1364 (l)‘lr

169 1412 185 1455 o
216 1390 328 1456 Virtus
348 1389 454 1478 igitur
474 1396 512 1457 ut
530 1397 675 1479 apparet
694 1392 824 1460 sanitas
847 1391 1009 1480 quaedam
1025 1395 1079 1459 est
1093 1395 1128 1458 et
1142 1391 1221 1479 pul-

167 1505 327 1575 chritudo
342 1513 377 1575 et
392 1507 558 1576 robustus
576 1509 684 1576 animi
695 1509 805 1598 uigor.
823 1509 1111 1576 Pravitascontra
1124 1528 1222 1576 mor»-

166 1621 244 1705 buS‚
262 1621 442 1710 turpitudo
459 1627 494 1689 et
507 1621 727 1690 imbecillitas
742 1622 806 1710 (2).
831 1645 848 1689 >r
869 1622 993 1690 Partes
1014 1627 1129 1690 autem
1144 1622 1221 1691 illas

168 1754 246 1823 quae
270 1735 308 1802 in
330 1735 467 1803 civitate
487 1757 558 1804 non
585 1757 688 1804 secus
710 1741 814 1825 atque
836 1736 874 1803 in
897 1735 1040 1802 homine
1064 1736 1222 1823 quamvis

168 1850 372 1921 humillimae
393 1858 514 1921 contra
530 1851 721 1921 nobiliores
737 1852 947 1919 seditionem
969 1857 1122 1939 movent,
1145 1858 1222 1920 tan-

169 1988 274 2057 quam
290 1969 450 2038 membra
463 1970 604 2059 putrida
619 1969 778 2037 recidere
793 1988 834 2036 ac
848 1969 1020 2058 projicere
1032 1969 1089 2057 jus
1104 1974 1169 2038 est.

212 2085 343 2154 Verum
358 2087 511 2155 hominis
527 2107 655 2176 corpus
668 2087 724 2155 uel
737 2107 845 2176 quum
855 2087 978 2155 morbo
988 2106 1060 2154 non
1073 2085 1220 2175 laborat,

168 2206 281 2269 mutat
296 2223 336 2270 ac
349 2201 426 2271 fluit
439 2203 699 2272 indesinenter.
711 2204 821 2293 Igitur
835 2224 881 2271 ne
891 2223 963 2271 uno
978 2203 1120 2292 quidem
1131 2209 1222 2272 tem-

168 2318 264 2406 poris
274 2325 453 2388 momento
464 2320 560 2388 haud
571 2341 674 2388 secus
687 2340 793 2410 quam
804 2322 857 2388 vir
868 2341 961 2389 unus
972 2320 1224 2389 eademmanet

170 2434 315 2502 civitas‘l
326 2436 378 2504 lta
388 2436 505 2525 plane.
516 2458 532 2504 u
548 2436 637 2505 Cum
647 2436 774 2524 (enim)
785 2456 889 2504 omne
901 2436 993 2524 quod
1004 2437 1160 2525 genitum
1171 2446 1224 2505 est

171 2554 387 2643 corruptioni
396 2555 440 2622 sit
451 2552 746 2636 obnoxium‚talis
757 2553 861 2621 etiam
874 2552 1073 2620 constitutio
1084 2573 1226 2643 semper

170 2689 314 2738 manere
329 2691 402 2739 non
416 2671 544 2759 poterit
557 2670 620 2738 sed
635 2668 800 2736 solvetur.
819 2667 951 2736 Solutio
963 2687 1046 2735 vero
1060 2667 1137 2735 haec
1158 2675 1221 2736 est.

170 2784 251 2852 Non
270 2786 383 2853 solum
408 2786 501 2854 circa
522 2784 755 2874 plantas'sed
776 2789 917 2851 terrena
938 2782 1043 2850 etiam
1063 2782 1225 2850 animalia

170 2899 329 2969 fertilitas
355 2908 391 2968 et
414 2901 579 2969 sterilitas
608 2901 735 2968 animae
761 2918 1018 2989 corporumque
1045 2898 1225 2988 contingit,

172 3016 1226 3110 quumrevolutionessingulisoirculorumconjunxerintam·

172 3133 266 3201 bitus
277 3134 348 3202 :his
358 3135 499 3225 quidem
512 3136 572 3224 qui
580 3135 695 3204 breuis
707 3138 788 3202 sunt
796 3133 861 3202 aevi
872 3121 1024 3199 ambitus
1033 3130 1226 3216 breuiores

174 3245 356 3313 contrariis
367 3266 449 3314 vero
461 3247 752 3335 contrarios(3).»
765 3247 886 3334 ltaque
898 3244 995 3312 linita
1006 3245 1132 3331 cuique
1143 3251 1227 3314 aetas

172 3361 368 3430 secundum
384 3383 495 3451 genus
512 3370 547 3432 et
558 3365 631 3431 viro
643 3369 676 3432 ct
693 3363 833 3432 civitati.
853 3361 1007 3444 Quidni‘l
1025 3359 1228 3429 Nascuntur

170 3497 298 3567 nempe
322 3499 421 3567 aeque
437 3499 478 3546 ac
496 3480 706 3548 moriuntur.
725 3477 868 3547 Colonia
892 3497 1043 3545 nascens
1067 3478 1227 3546 nascenti

170 3614 280 3684 puero
308 3578 497 3664 admodum
521 3596 643 3664 similis
662 3594 726 3683 (4).
746 3595 882 3662 Rursus
901 3593 1027 3682 ingens
1049 3591 1226 3660 civitatum
1250 3620 1254 3626 ·

172 3730 341 3779 numerus
379 3710 493 3779 adhuc
533 3716 763 3781 evanuerunt.
797 3732 815 3777 (ι
845 3709 974 3779 Nonne
1008 3708 1069 3799 (ab
1093 3709 1228 3798 origine

208 3960 240 4021 (1)
254 3959 603 4024 Deflep.,t51,e.-(s)1u‚
617 3962 671 4023 tot,
682 3959 742 4008 d.-
753 3959 787 4023 (3)
798 3959 847 4014 ld„
864 3963 919 4022 tto,
929 3975 987 4008 a.-·
997 3960 1031 4023 (t)
1042 3960 1126 4024 Lepas,
1137 3966 1191 4023 rot,
1202 3978 1227 4011 u.
