2782 4576
557 388 559 395 .
669 322 828 383 -20-

220 470 342 520 rursus
370 450 420 520 ais
449 451 719 522 consensionem
744 451 899 521 adhibite
923 453 1074 523 amicitia
1101 453 1201 524 fieri‘?
1220 455 1275 522 An

219 573 335 657 potest
358 567 454 636 circe
477 567 555 636 heec
577 589 771 638 consensus
793 570 956 653 existere,
977 591 1125 658 quorum
1145 572 1170 638 ii
1195 571 1274 660 qui-

218 683 302 751 dem
326 683 441 773 periti,
467 683 492 750 ii
509 704 592 753 vero
606 684 761 774 imperiti
781 685 887 754 sunt‘l
910 722 954 737 -
973 686 1037 754 AL.
1058 687 1179 755 :Fieri
1202 706 1274 755 non

217 806 343 889 potest.
363 839 408 850 -
422 800 503 870 Soc.
524 795 694 871 :Justane
717 821 761 870 an
775 801 905 890 injusta
923 801 1068 890 faciunt,
1096 823 1177 870 cum
1199 803 1273 870 sin-

219 913 291 1002 guli
314 914 408 1002 quod
435 914 536 982 adse
557 915 680 984 attinet
701 916 965 1003 exsequuntur?
989 954 1034 965 —
1057 917 1120 985 An.
1147 917 1274 986 :lusto

218 1028 386 1116 prolecto.
413 1067 457 1078 -
475 1029 558 1098 Scu.
579 1030 702 1099 :Justa
725 1031 831 1120 igitur
850 1031 1036 1118 agentibus
1061 1032 1206 1117 civibus²
1234 1033 1271 1099 in

219 1142 355 1211 civitate
371 1163 442 1212 non
461 1148 514 1212 est
532 1143 684 1212 amicitia
708 1145 784 1235 (υἱ)
806 1167 823 1214 n
848 1145 991 1214 Fatetur
1014 1146 1157 1214 tandem
1176 1146 1271 1214 Alci-

218 1258 339 1327 biades
354 1258 390 1327 in
405 1260 597 1328 contrarias
612 1239 806 1330 sententies
824 1282 862 1330 se
874 1262 1040 1332 incidisse
1052 1269 1155 1351 atque
1169 1262 1207 1330 in
1217 1262 1273 1330 his

218 1372 426 1462 implicitum
443 1395 589 1464 prorsus
603 1375 752 1444 haercre.
777 1375 870 1459 Quid
890 1378 943 1445 rei
963 1377 1043 1447 est‘l
1068 1377 1195 1446 Nonne
1214 1376 1273 1456 hic
1318 1455 1321 1458 ⁴

218 1483 315 1552 Plato
326 1505 426 1553 suam
437 1486 631 1555 doctrinam
640 1487 683 1555 de
696 1468 1275 1576 concordiadissimiliumdetegit‘l

219 1597 317 1667 Inter
328 1598 527 1686 dissimiles,
540 1601 665 1690 inquit,
680 1621 751 1670 non
761 1606 876 1690 potest
889 1602 1019 1670 essede
1029 1601 1155 1670 iisdem
1166 1599 1274 1668 rebus

220 1716 418 1803 concordie,
432 1717 500 1804 nisi
515 1715 625 1806 (quod
638 1717 835 1807 subjicitur)
855 1719 991 1786 verium
1015 1719 1165 1807 quisque
1185 1737 1273 1806 opus

220 1833 453 1922 aggredietur,
468 1840 506 1903 ut
520 1834 597 1923 ipse
614 1836 656 1904 ab
669 1835 776 1905 altero
792 1837 978 1928 discrepet.
996 1838 1129 1906 Eadem
1140 1839 1178 1906 in
1193 1838 1274 1906 civi·

218 1956 289 2020 tate
311 1971 390 2040 quec
409 1953 446 2020 in
470 1952 573 2020 domo
595 1954 678 2021 oriri
696 1954 881 2022 concordia
900 1960 1026 2046 potest.
1048 1956 1093 2024 At
1110 1956 1148 2052 in
1169 1955 1272 2023 domo

219 2088 334 2157 neque
354 2069 407 2136 vir
431 2053 511 2137 cum
535 2069 683 2140 muliere
710 2071 753 2140 de
775 2070 926 2140 lanificio
954 2073 1126 2163 congruit,
1155 2092 1272 2160 neque

220 2184 346 2253 mulier
366 2204 446 2252 cum
462 2186 541 2254 ¹uiro
562 2186 606 2255 de
630 2207 737 2276 opere
762 2187 913 2255 militari.
942 2187 1146 2278 Congruunt
1169 2188 1271 2256 anrbo

220 2306 323 2391 atque
345 2300 537 2371 concinunt
563 2324 671 2392 quum
696 2304 824 2372 diversi
852 2304 1007 2373 diversas
1036 2324 1138 2373 cums
1170 2310 1273 2393 atque

220 2418 1272 2508 disciplinasamplectuntur.Verumnecesseest(hocautem

221 2533 377 2624 dialogus
392 2536 547 2626 reliquus
562 2538 728 2626 ostendit)
741 2536 793 2626 (2)
807 2558 982 2627 quemque
996 2559 1033 2606 se
1050 2558 1090 2605 cc
1105 2558 1205 2606 suam
1217 2538 1272 2604 in-

221 2648 335 2741 dolem
353 2650 482 2738 optime
497 2670 601 2718 nosse
621 2655 660 2717 ut
674 2650 767 2717 inter
783 2669 820 2717 se
840 2654 1005 2746 conantes
1024 2649 1244 2717 consentient
1262 2673 1268 2714 :

220 2784 385 2854 magnum
408 2785 538 2856 nempe
561 2765 756 2856 periculum
781 2766 944 2834 omnibus
971 2774 1023 2834 est
1045 2787 1152 2855 quum
1178 2763 1272 2834 eliud

221 2886 324 2971 atque
340 2886 554 2969 acceperate
570 2888 695 2951 natura
715 2902 844 2950 munus
859 2881 926 2948 sibi
942 2881 1090 2970 quisque
1105 2881 1267 2949 vindicet.

220 2997 331 3066 Eaest
342 2997 485 3085 justitiae
497 3018 537 3067 ac
548 2999 743 3068 concordiae
754 2998 862 3087 origo,
874 2999 904 3065 si
917 3018 1064 3088 quaeque
1073 2998 1179 3066 totius
1190 3019 1271 3086 pers

222 3113 351 3202 optime
364 3133 402 3182 se
416 3114 552 3182 noverit
566 3134 607 3182 ac
623 3114 689 3182 sibi
700 3113 812 3202 primo
832 3113 870 3180 in
885 3132 991 3201 opere
1005 3111 1165 3202 eligendo
1187 3133 1271 3180 con-

222 3230 349 3316 veniat,
372 3229 577 3320 priusquam
592 3251 671 3298 curn
692 3229 841 3298 caeteris.
860 3228 936 3310 Quo
949 3234 1094 3318 propter
1105 3229 1202 3296 Plato
1219 3229 1272 3316 jo-

223 3367 303 3416 cere
317 3347 355 3414 in
369 3346 588 3415 arithmetice
599 3346 743 3433 Justitiee
760 3351 795 3414 et
810 3346 971 3413 amicitiae
991 3346 1161 3414 rationem
1188 3365 1272 3412 con-

223 3463 361 3533 tendit:
385 3484 463 3553 quae
478 3484 520 3532 ex
542 3443 766 3553 proportione
793 3463 925 3551 pendet
952 3483 1023 3531 non
1045 3483 1087 3531 ex
1113 3448 1277 3552 'aequitate

224 3580 385 3669 simplici.
672 3569 673 3572 '

268 3698 340 3768 Res
352 3699 457 3787 igitur
470 3698 526 3766 vel
548 3717 693 3786 corpore
711 3685 893 3786 ¹impeditae
917 3696 1106 3786 imaginem
1131 3717 1278 3766 summae

254 3928 288 4012 (1')
307 3944 452 3997 Alcibiades
462 3947 571 4010 prunus,
585 3949 639 4005 126,
659 3945 681 3994 b.
698 3972 727 3981 -
744 3947 779 4010 (2)
796 3945 845 4008 ld„
861 3949 907 3995 128
920 3960 940 3993 e.
