2782 4576
613 334 773 394 -35-

159 471 303 562 (corpus
319 470 488 557 animam)
503 468 572 538 nisi
586 469 708 536 mnndi
725 487 864 556 corpuS,
881 465 976 554 quod
990 466 1115 535 eadem
1132 487 1211 556 quae

160 594 195 655 et
222 595 394 672 nostrum,
425 607 466 654 ac
487 586 591 654 etiam
607 585 848 674 praestantiora
863 583 1031 670 continet,
1057 583 1211 652 animam

160 702 289 771 habeat
306 702 384 791 (l)‘i
400 725 417 770 n
432 702 536 770 Hunc
552 702 798 770 autemlocum
813 707 916 790 atque
933 702 1018 769 alios
1029 702 1115 770 tales
1125 721 1213 814 quop

161 823 197 891 in
220 823 347 890 Timaeo
362 821 502 890 abunde
518 843 597 890 esse
619 842 692 890 non
714 822 868 912 ignoras,
890 823 1031 910 majoris
1047 823 1215 891 momenti

160 939 281 1022 duces,
295 942 326 1007 si
338 939 424 1008 velis
441 939 664 1007 considerare
677 939 735 1006 hic
751 938 934 1006 Platonem
951 939 1104 1007 Socratis
1129 939 1214 1007 doc·

160 1058 288 1125 trinam
302 1057 566 1145 aXenophonte
578 1057 664 1125 alias
678 1077 882 1144 expressam
896 1077 997 1145 paene
1011 1056 1053 1124 ad
1069 1056 1215 1124 verbum

163 1174 310 1243 reddere
320 1152 392 1263 ¹(2).·
416 1175 508 1262 Ergo
532 1195 603 1242 non
628 1180 682 1241 est
698 1173 838 1258 mirum,
861 1194 969 1261 quum
983 1172 1214 1262 philosophus

161 1296 282 1357 noster
318 1289 517 1356 individuos
559 1291 742 1358 hominum
781 1291 917 1356 animos
942 1309 1014 1356 non
1042 1289 1217 1376 putaverit

159 1406 285 1474 iisdem
298 1405 397 1472 illurn
417 1406 542 1473 animis
556 1425 597 1473 ac
622 1406 801 1473 mentibus
827 1405 1008 1472 hominem
1036 1409 1072 1472 et
1095 1404 1215 1472 civita·
1316 1495 1319 1499 ,

163 1529 235 1591 tem
254 1523 434 1590 ornavisse
457 1527 561 1610 atque
588 1522 793 1590 animalium
819 1523 955 1589 ratione
988 1521 1214 1610 praeditorum

161 1644 303 1711 nomine
332 1642 528 1711 vocavisse.
556 1640 634 1722 Quo
663 1641 771 1710 verbo
789 1640 860 1708 vita
876 1644 1065 1727 utrumque
1085 1639 1152 1705 lrni
1176 1658 1217 1705 ac

164 1760 328 1850 principii
353 1760 574 1849 imperatorii
590 1760 628 1827 in
642 1764 779 1848 partem
794 1759 936 1827 venisse
955 1764 1091 1827 tantum
1107 1757 1217 1846 signi-

163 1876 256 1945 ficat.
516 1887 520 1892 ’
1165 1968 1169 1975 Ι

205 1992 298 2062 Vivit
323 2011 407 2082 ergo
440 1992 560 2060 civitas
587 1992 767 2061 Platonica
795 1992 935 2079 hestiae,
963 1992 1034 2060 imo
1063 1992 1217 2061 hominis

163 2106 284 2191 instar,
301 2105 455 2172 maximo
469 2125 553 2173 vero
569 2125 715 2195 corpore
733 2112 837 2195 atque
851 2105 974 2195 grandi
993 2107 1111 2174 animo
1126 2127 1217 2196 prae-

164 2222 246 2290 dita.
264 2223 308 2290 nt
321 2243 395 2290 non
410 2228 465 2289 est
478 2222 580 2290 nobis
595 2223 872 2292 obliviscendum
889 2225 1045 2292 animum
1065 2225 1162 2292 hunc
1179 2224 1216 2292 in

166 2358 294 2427 eorpus
309 2339 457 2406 civitatis
472 2338 567 2407 velut
588 2340 626 2407 in
646 2359 774 2429 corpus
795 2340 989 2408 humanum
1008 2342 1131 2408 venire
1154 2361 1217 2407 ex·

164 2455 339 2523 trinsecus
354 2461 458 2544 atque
473 2456 617 2545 spiritus
632 2457 746 2526 vitalis
763 2458 967 2527 dissimilem
984 2479 1074 2527 esse.
1092 2458 1219 2526 Anima

165 2569 303 2657 spirans
327 2579 461 2640 motum
488 2573 761 2663 incompositum
784 2575 917 2643 mundo
939 2576 1099 2643 innatum
1119 2576 1155 2642 in
1180 2596 1219 2643 se

164 2685 248 2773 sert;
273 2688 413 2756 animus
444 2695 560 2758 autern
585 2692 854 2780 superveniens,
884 2699 1052 2782 tanquam
1085 2692 1219 2761 Genius

164 2807 296 2871 motum
313 2804 409 2872 huno
430 2807 609 2895 componit
627 2825 669 2876 ac
688 2807 892 2876 moderatur
907 2808 972 2897 (3).
993 2809 1149 2876 Necesse
1166 2814 1220 2875 est

163 2918 282 3009 itaque
305 2920 461 2990 animum
486 2921 722 2992 immortalem
746 2919 849 3012 atque
866 2923 1049 2992 mortalem
1066 2921 1218 2990 animam
1269 2941 1271 2945 ’

165 3041 311 3109 diversis
325 3043 390 3110 viis
406 3043 451 3111 ad
471 3043 607 3112 diversa
622 3045 782 3114 tendere.
800 3044 877 3126 Quo
892 3045 1124 3114 monemurin
1134 3043 1219 3111 civi-

165 3162 234 3226 tate
247 3159 403 3248 regenda
415 3166 520 3250 atque
537 3162 612 3249 ejus
635 3161 673 3229 in
696 3181 842 3251 corpore
862 3159 1139 3230 administrando
1154 3157 1220 3225 du-

164 3274 292 3362 plicem
306 3275 469 3345 vitamne
488 3277 596 3345 veluti
613 3277 763 3367 politicae
786 3278 961 3346 rationem
988 3294 1218 3345 emersuram.

165 3388 256 3459 Hinc
284 3391 337 3459 ris
365 3392 488 3461 divina
508 3398 633 3483 suopte
660 3392 765 3462 modo
793 3399 898 3484 atque
921 3399 994 3461 arte
1021 3391 1222 3459 machinam

165 3524 306 3573 omnem
332 3505 505 3592 tractabit,
531 3506 628 3575 illinc
659 3507 764 3576 insita
792 3507 930 3596 corpori
951 3510 1055 3595 atque
1079 3500 1221 3592 spiritui

165 3640 335 3710 corporeo
357 3621 494 3691 indoles
512 3629 636 3711 sponte
653 3644 717 3692 sua
732 3629 851 3712 partes
871 3618 1032 3690 animalis
1051 3617 1219 3708 impellet.

166 3721 254 3805 Inde
277 3735 338 3807 fiet
361 3742 401 3806 ut
424 3737 605 3807 Platonica
633 3738 793 3808 doctrina
821 3755 942 3806 secum
971 3734 1149 3820 dissideat,
1183 3752 1223 3801 ac

202 3987 234 4052 {ll
251 3986 378 4052 Philebus,
389 3992 429 4051 ³⁰,
440 4002 464 4036 a.
475 4012 506 4026 -·
517 3987 551 4053 (2)
564 3989 678 4049 liemon,
692 3988 737 4038 lib.
754 3987 775 4047 l,
787 3993 827 4037 38.
839 4014 869 4025 -
879 3988 914 4051 (3)
929 3985 1045 4050 Tinroeus,
1057 3990 1097 4048 69,
1109 3998 1136 4042 c,·
1148 3987 1188 4047 9⁰,
1201 3998 1226 4033 o.
