2782 4576
589 325 749 385 ...73-

141 477 243 548 reges
260 459 508 548 principesque
522 457 689 547 praefecit.
709 458 810 540 Quod
826 479 922 528 nunc
938 481 1003 528 nos
1017 461 1054 528 in
1078 462 1195 530 ovium

143 574 319 663 gregibus⁷
342 574 558 663 aliorumque
575 575 731 643 cicurum
749 576 917 643 armentis
935 575 1095 644 iacimus.
1116 577 1197 648 Non

142 690 235 757 enim
264 690 378 759 bobus
409 689 537 777 boveS,
567 710 634 759 nec
666 692 782 779 capris
811 711 934 782 capras
962 691 1193 781 praeficimuS,

143 806 281 874 sednos
295 806 381 895 ipsis
393 827 505 896 genus
518 805 643 874 melius
656 806 889 875 dominamur.
904 807 1072 876 Similiter
1087 809 1194 897 DeuS,

142 922 303 991 homines
318 942 454 1009 amans,
469 943 581 1010 genus
598 923 799 991 daemonum
816 923 937 1013 generi
959 929 1079 992 nostro
1091 945 1198 1010 praes·

142 1039 272 1106 tantius
299 1038 401 1106 nobis
424 1039 599 1128 praefecit,
628 1039 722 1128 quod
749 1059 887 1107 summa
911 1045 982 1107 tam
1006 1060 1069 1108 sua
1091 1061 1196 1130 quam

143 1158 262 1222 nostra
289 1153 453 1223 felicitate
489 1161 690 1223 nostrarum
719 1175 838 1256 perum
871 1176 993 1224 curam
1030 1156 1197 1244 habebat,

143 1290 336 1359 pacemque
352 1275 388 1338 et
404 1270 619 1359 pudicitiam,
641 1270 839 1339 libertatem
855 1277 890 1339 et
903 1272 1047 1359 justitiae
1061 1272 1198 1362 copiam

141 1385 319 1475 praebenS,
350 1386 472 1475 procul
496 1407 515 1454 a
539 1386 712 1461 seditione
736 1405 777 1454 ao
800 1385 881 1453 ieiix
904 1387 1089 1456 hominum
1112 1388 1195 1456 red-

141 1501 246 1570 debat
263 1522 386 1592 genus.
410 1502 477 1571 Hic
491 1503 614 1591 utique
634 1522 763 1588 sermo,
780 1503 927 1571 veritate
951 1524 1051 1586 usuS,
1074 1504 1200 1572 asserit

141 1617 337 1685 civitatibus
366 1618 530 1686 omnibus
564 1618 691 1707 quibus
717 1638 790 1686 non
821 1619 917 1687 Deus
952 1619 1016 1687 sed
1043 1619 1200 1706 mortalis

141 1733 265 1822 aliquis
283 1733 494 1822 dominetur,
510 1733 643 1802 nullam
659 1754 817 1823 unquam
831 1733 1004 1802 malorum
1016 1735 1198 1804 laborum-

141 1869 209 1938 que
228 1849 302 1918 sore
326 1850 493 1939 quietem.
517 1850 587 1918 Sed
607 1851 704 1918 omni
726 1871 792 1918 uos
816 1850 932 1919 studio
953 1851 1084 1919 imitari
1099 1852 1201 1940 jubet

140 1966 247 2033 vitam
263 1987 341 2055 quae
361 1967 427 2034 sub
443 1966 594 2034 Saturno
609 1967 673 2034 suit
687 1965 751 2054 (1).
768 1987 786 2034 t>
805 1965 937 2035 Eadem
951 1968 1087 2036 ratione
1100 1967 1200 2036 ride-

140 2080 256 2150 bisin
288 2082 395 2152 Civili
421 2102 485 2151 seu
511 2082 660 2151 Politice
688 2082 852 2152 homines
880 2083 1031 2172 primum
1061 2084 1196 2172 beatoS‚

143 2203 217 2266 tum
236 2198 355 2267 multis
381 2197 483 2266 malis
502 2197 681 2267 laborasse
706 2220 815 2288 quum
838 2200 978 2268 divinus
997 2220 1058 2268 eos
1076 2199 1201 2268 Pastor

141 2333 182 2382 ac
202 2313 365 2406 dominus
390 2314 598 2382 deseruerit.
623 2313 752 2384 Omnia
772 2336 816 2384 ex
839 2315 907 2383 hoo
929 2316 969 2382 in
992 2317 1094 2404 pejus
1116 2337 1201 2385 rue·

139 2434 241 2512 runt,
273 2429 406 2497 civibus
440 2430 552 2520 magis
588 2430 631 2498 de
664 2431 720 2499 die
755 2432 792 2499 in
827 2431 902 2499 dies
932 2451 1015 2499 suos
1045 2436 1201 2501 rectores

141 2545 372 2636 aequantibuS‚
393 2550 428 2614 et
448 2546 606 2614 immissa
628 2567 707 2635 quae
729 2547 893 2616 humanae
918 2552 1055 2615 naturae
1078 2547 1201 2616 subest

140 2661 215 2730 fera
243 2662 373 2749 bestia,
405 2681 511 2730 verus
536 2683 600 2730 rex
629 2668 798 2752 tanquam
828 2663 867 2730 in
889 2664 1009 2752 apium
1036 2663 1199 2732 examine

141 2778 319 2868 princepe,
336 2777 452 2846 subito
468 2777 578 2847 oculis
590 2778 754 2868 refulget,
769 2784 891 2868 utpote
907 2798 1037 2868 genere
1054 2799 1073 2847 e
1089 2800 1199 2869 praes·

140 2893 282 2962 tantiori
296 2899 404 2963 ortus.

185 3009 241 3097 Ar,
267 3009 360 3078 dicet
386 3010 522 3100 aliquis,
544 3012 710 3100 quoniam
736 3010 835 3078 Plato
863 3010 958 3079 dolet
991 3032 1103 3101 genus
1132 3011 1200 3082 hoo

142 3127 367 3215 praestantius
393 3148 569 3217 nusquam
589 3129 661 3217 jam
687 3107 852 3217 reperirig
875 3147 917 3196 eo
940 3128 1018 3217 ipso
1045 3128 1199 3198 declarat

142 3242 211 3312 sibi
237 3263 361 3312 omnes
388 3243 551 3313 homines
578 3266 674 3313 nuno
705 3264 825 3334 aequos
857 3265 957 3330 esse,
988 3265 1055 3312 neo
1088 3244 1198 3314 ulium
1235 3318 1239 3325 ,

142 3360 278 3429 caeteris
302 3361 428 3429 merito
450 3362 625 3451 imperare
642 3362 711 3430 nisi
731 3361 800 3429 illis
813 3361 949 3429 ratione
965 3367 1119 3450 praestet.
1141 3362 1196 3431 Ne

140 3474 247 3560 igitur
272 3475 373 3543 nobis
398 3474 544 3543 civitatis
570 3475 736 3544 humanae
759 3474 919 3563 regimen
942 3480 1110 3564 tanquam
1131 3496 1196 3565 pe-

141 3589 232 3657 eoris
247 3588 446 3675 describas;
467 3610 592 3658 omnes
611 3590 705 3658 cives
725 3609 796 3658 una
820 3588 923 3657 Ratio
942 3589 1067 3678 pascit,
1090 3595 1196 3680 atque

138 3690 303 3774 inunum
316 3705 455 3795 redigit.
469 3705 572 3787 Quod
586 3706 759 3797 significat
769 3705 937 3796 praeolare
951 3726 1059 3796 supra
1069 3707 1196 3795 prolati

172 3965 205 4030 (1)
220 3965 258 4016 De
273 3965 391 4033 Lepidus,
406 3972 462 4033 m,
472 3984 494 4018 c.
