2782 4576
670 319 824 388 „44-

224 461 447 530 manifestum
474 482 553 530 esse
582 462 743 531 existimo
764 462 858 551 quod
883 463 912 531 si
927 464 1030 532 nobis
1045 465 1082 533 in
1110 465 1177 534 alio
1193 487 1278 554 quo·

220 576 300 645 dam
328 577 469 668 negotio
494 578 686 666 occupatis,
718 578 959 668 opportunitas
976 578 1123 668 alicujus
1155 581 1274 671 operis

222 693 389 781 preterit,
406 692 565 781 ejusdcm
576 694 710 783 paritet
721 694 821 762 actio.
837 694 918 762 Non
931 695 1027 762 enim
1039 695 1133 785 quod
1144 696 1274 765 lacien-

222 807 306 877 dum
321 815 375 878 est
386 809 544 878 facientis
560 809 669 878 otium
684 814 888 899 exspectare
908 810 992 896 vult,
1007 811 1070 879 sed
1080 813 1275 881 necessitas

223 925 316 1016 cogit
341 925 527 995 facientem
551 945 639 1014 opus
662 926 779 1014 ipsum
795 926 980 994 observata
1009 946 1150 1015 semper
1166 947 1275 997 occa-

224 1039 321 1109 sione
335 1041 512 1130 prosequi.
532 1062 549 1108 a
566 1040 810 1110 Concluditur:
836 1063 853 1108 c
873 1040 934 1115 Eoo
949 1040 1004 1109 lu's
1015 1045 1114 1129 polet
1131 1045 1277 1133 stapulo

223 1156 301 1245 fieri
319 1158 470 1244 ctplurc
488 1158 519 1224 et
533 1157 659 1226 melius
673 1160 705 1225 et
719 1157 861 1245 facilius
887 1157 1032 1246 quoodo
1051 1160 1185 1248 sitopoli
1197 1161 1275 1228 siu-

223 1273 311 1361 pulc
335 1273 532 1342 secuudum
559 1274 733 1343 naturum
758 1275 937 1342 occasione
961 1276 1103 1343 servato
1131 1276 1175 1343 ob
1196 1277 1277 1344 aliis
1334 1350 1339 1360 ‚

221 1391 394 1457 ces-sontes
415 1389 574 1478 efficiunt
588 1387 651 1478 (l).
674 1410 691 1457 »
1203 1403 1206 1409 ’

221 1504 226 1557 ἰ
270 1503 435 1594 Sequitur
449 1511 487 1573 ut
507 1525 549 1574 ea
558 1504 635 1596 lege
657 1503 844 1573 adstrictus
861 1504 948 1574 altar
965 1505 1042 1574 sine
1059 1499 1274 1575 altero'civis

222 1620 341 1689 vivere
354 1640 423 1690 non
438 1622 559 1711 possit.
579 1621 631 1689 lta
642 1621 795 1710 primum
810 1641 919 1691 uuum
936 1620 1056 1710 plures
1072 1619 1276 1709 conficiunt,

223 1736 433 1807 necessitate
462 1737 563 1826 quasi
590 1736 729 1805 vinculo
756 1736 942 1825 conJuncti.
961 1736 1019 1805 Sic
1041 1736 1278 1806 recentissimi

224 1852 450 1943 physicorum
475 1857 580 1942 atque
605 1853 824 1922 OEcouomici
849 1873 956 1920 unam
976 1872 1054 1921 esse
1071 1872 1277 1944 compagem
1365 1879 1374 1884 ·

226 1969 376 2060 partium
392 1969 475 2037 hinc
489 1969 527 2037 in
542 1990 681 2060 quoque
692 1969 846 2056 animali,
861 1969 957 2044 illinc
972 1970 1008 2038 in
1024 1990 1164 2060 quaque
1188 1971 1275 2041 civi-

224 2092 296 2154 tate
309 2084 519 2176 intelligunt‚
533 2087 610 2176 ipsa
622 2086 777 2156 Platonis
790 2086 895 2156 verba
905 2105 1005 2174 paone
1019 2085 1227 2156 relerentes.

224 2265 227 2268 ,
271 2203 316 2271 nt
329 2222 375 2270 ne
393 2207 590 2292 temporum
602 2202 788 2272 intervalla*
796 2202 1054 2286 obliviscamur,
1072 2202 1174 2272 citius
1187 2201 1279 2273 rodit

222 2317 324 2386 Plato
333 2317 380 2385 ad
397 2317 543 2386 alteram
557 2317 723 2387 doctrinae
735 2339 806 2387 suaa
821 2323 958 2408 partem
973 2323 1076 2408 atque
1089 2319 1126 2386 iu
1140 2319 1277 2387 viscera

225 2432 401 2502 nascentis
426 2433 574 2501 civitatis
602 2433 672 2502 sibi
696 2433 876 2522 propriam
893 2433 1006 2502 Unius
1022 2433 1140 2502 ideam
1155 2434 1276 2502 inluu-

227 2547 324 2635 dere,
355 2547 463 2616 velint
487 2548 596 2618 nolint
620 2555 777 2617 conatur.
805 2549 921 2631 Quum
935 2549 1029 2617 enim
1054 2555 1135 2618 anta
1159 2549 1279 2618 oculos

230 2663 456 2735 crescat-haec
476 2665 597 2734 civitas
616 2665 779 2734 omnihus
801 2665 935 2734 actibus
962 2673 995 2734 et
1020 2665 1146 2754 opibus
1166 2667 1280 2736 abun·

228 2782 327 2869 dans,
358 2801 440 2851 ecce
457 2758 572 2851 subito
589 2781 726 2870 copiam
748 2783 840 2850 hanc
859 2788 898 2850 ut
921 2803 998 2872 quae
1021 2782 1129 2850 nimio
1144 2783 1280 2873 impetu

228 2897 427 2967 frondescat
452 2897 611 2967 recidere
641 2898 772 2967 statuit.
806 2898 903 2967 Inter
933 2912 1056 2967 sanam
1085 2917 1125 2967 ac
1157 2899 1281 2969 morbo

231 3011 391 3082 allectam
408 3012 595 3100 civitatem,
614 3013 686 3102 jam
712 3013 862 3081 multum
888 3012 1061 3080 interesse
1084 3011 1287 3100 contemtu

229 3129 326 3218 prior
352 3130 477 3221 exigua
497 3149 538 3198 ac
570 3133 747 3219 quantum¹
769 3132 886 3218 potest
911 3125 1077 3216 simplem
1109 3127 1281 3215 posterior

229 3244 366 3335 turgida
386 3265 426 3314 ac
440 3266 568 3336 magna
582 3244 750 3314 varietate
766 3243 893 3312 artium
919 3262 1176 3332 operarumque
1208 3242 1280 3311 dis-

231 3365 352 3430 tracta.
367 3362 444 3444 Quo
455 3381 538 3430 vero
551 3360 756 3451 temporein
765 3358 929 3427 morbum
940 3356 1151 3427 abundantia
1161 3379 1280 3429 nerum

232 3477 403 3546 vertitur‘l
430 3477 571 3547 Scilicet
594 3497 704 3567 quum
738 3495 843 3569 carne
879 3473 1042 3543 homiues
1071 3473 1164 3543 vesci
1187 3473 1280 3543 inci-

232 3595 351 3684 piunt3
387 3615 495 3685 quum
521 3594 683 3684 operarii,
714 3593 850 3683 quihus·
870 3612 944 3661 non
972 3596 1052 3682 eget
1078 3594 1280 3663 necessario

222 3710 353 3779 civitas
363 3711 400 3782 in
409 3721 451 3779 'ea
462 3714 643 3800 apparent,
655 3716 851 3796 venatores
862 3705 973 3793 mimi,
984 3705 1279 3808 pictorespoetee,

266 3973 300 4037 (t)
316 3973 352 4022 De
365 3973 419 4035 llep.
427 4009 435 4036 ,
448 3975 538 4035 ³7⁰,m
