2782 4576
594 317 749 378 -89-

133 453 216 523 huic
231 473 365 544 organo
381 457 517 522 motum
535 452 710 522 ministrat
726 473 833 544 quem
847 453 977 523 deinde
992 454 1037 523 ab
1055 453 1116 524 illo
1134 474 1190 524 eo-

135 568 239 659 cipiet
254 591 303 638 ex
321 568 552 658 incomposito
581 568 826 657 compositum,
847 589 892 637 ox
915 568 1068 638 violento
1094 569 1191 639 ordi·

135 690 268 753 natum.
292 686 370 767 Quo
383 685 510 775 pacto‘t
532 683 614 773 Ipso
633 683 767 754 scilicet
788 690 925 755 naturae
946 686 1070 756 ordine
1091 687 1191 777 cujus

133 800 230 891 leges
251 802 392 871 assidue
414 801 616 870 observatas
636 799 681 868 ad
702 801 897 870 maximum
920 801 1069 872 civitatis
1091 822 1189 871 com·

134 914 276 983 modum
296 935 377 1004 pars
399 914 626 1004 imperatoria
646 913 837 984 adhibebit.
863 915 1022 996 Quarum
1045 915 1189 1006 quidem

133 1032 252 1125 legum
265 1032 320 1102 vel
335 1032 540 1124 gravissima
559 1031 677 1100 omnia
696 1051 776 1120 quae
791 1031 911 1101 vivunt
930 1031 1032 1102 docet
1046 1032 1190 1119 mutari,

134 1150 197 1218 sed
222 1149 316 1218 lente
341 1148 481 1218 mutari.
511 1148 709 1217 Machinam
735 1169 884 1236 meram,
909 1148 1015 1219 inerti
1045 1148 1191 1220 materia

136 1269 335 1332 concretam
358 1283 429 1331 uno
451 1262 619 1352 temporis
642 1268 822 1331 momento
842 1262 995 1333 distrues
1019 1282 1062 1332 ac
1086 1262 1190 1332 resti·

135 1383 233 1464 tuce,
250 1378 452 1447 machinam
471 1377 541 1446 vita
559 1377 745 1467 praeditam
767 1396 831 1445 seu
848 1376 964 1466 potius
985 1375 1190 1466 organicum

135 1511 274 1582 corpus,
291 1493 504 1585 principium
527 1500 644 1563 motus
662 1493 701 1561 in
720 1513 759 1562 se
781 1493 931 1581 habene,
948 1493 1013 1562 tibi
1024 1492 1191 1583 linquen-

136 1608 219 1677 dum
247 1612 409 1700 proprias
439 1612 688 1681 conversiones
711 1610 829 1701 sequi3
857 1630 945 1700 quos
977 1610 1093 1700 possis
1126 1629 1192 1699 pro

134 1734 234 1818 parte
247 1729 339 1797 virili
359 1728 415 1797 vel
429 1748 634 1820 properare,
654 1729 709 1799 vel
725 1728 911 1819 impedire,
929 1730 1094 1818 quoniam
1113 1728 1191 1818 ipse

123 1864 217 1935 «pars
238 1865 277 1914 cs
301 1845 461 1932 civitatis,
476 1866 600 1915 verum
622 1865 710 1936 quas
731 1866 774 1914 ex
797 1844 988 1933 improviso
1007 1864 1191 1935 nunquam

135 1961 220 2030 edes
235 1981 302 2031 ncc
315 1961 505 2030 inhibebis.

181 2075 283 2159 Quod
298 2077 327 2145 si
342 2077 439 2146 dicas
458 2082 493 2145 te
514 2075 630 2166 legem
648 2075 777 2147 harum
799 2076 1070 2147 conversionum
1087 2095 1191 2166 pers-

135 2194 275 2284 picere,
309 2214 382 2263 non
414 2198 532 2263 nutem
566 2192 694 2280 finem,
719 2193 857 2262 fatebor
887 2193 1024 2263 nullum
1049 2191 1193 2262 animali

134 2310 264 2379 viventi
282 2310 390 2380 alium
410 2310 519 2379 finem
541 2310 693 2400 proponi
716 2309 786 2379 nisi
803 2309 891 2377 illud
908 2309 1028 2398 ipsum
1045 2307 1133 2380 Esse
1151 2328 1193 2381 ac

37 2413 43 2424 ’
135 2426 283 2513 feliciter
299 2445 380 2495 esse.
404 2424 507 2507 Quod
526 2425 669 2516 quidem
690 2424 788 2494 nullo
809 2428 912 2511 pacto
934 2422 1106 2495 obtinebit
1121 2422 1192 2493 ulla

136 2541 269 2627 civitas,
286 2541 356 2610 nisi
370 2541 416 2609 sit
429 2561 513 2629 una,
534 2561 603 2610 nec
624 2560 697 2610 una
714 2540 776 2609 fiet
797 2540 867 2609 nisi
884 2560 985 2630 oeque
1002 2540 1082 2630 J'ure
1098 2539 1192 2608 inter

136 2677 260 2726 omnes
276 2658 330 2726 sui
341 2664 460 2747 partes
471 2657 668 2727 distribuat.
688 2656 775 2726 Haec
788 2655 883 2725 enim
896 2659 1017 2724 nostra
1033 2654 1192 2724 doctrina

134 2771 230 2842 nulla
249 2778 348 2864 porte
362 2773 532 2842 moralem
551 2774 749 2843 doctrinam
770 2771 917 2841 offendit
930 2771 1089 2862 quamvis
1103 2769 1192 2863 legi-

135 2890 202 2959 bus
216 2894 352 2959 naturae
366 2889 556 2977 fundetur3
572 2889 682 2960 altera
693 2887 817 2959 morali
832 2888 1000 2959 doctrinae
1018 2888 1057 2956 in
1073 2888 1192 2978 specio

134 3010 207 3075 tota
234 3005 426 3093 submissa,
456 3025 525 3074 nec
550 3004 691 3096 publica
713 3005 918 3094 commodo,
947 3024 1015 3074 nec
1036 3003 1190 3094 privatos

135 3141 253 3191 mores
268 3121 352 3191 satis
370 3121 553 3192 confirmat
569 3141 611 3192 ac
623 3126 778 3191 veretur.

702 3403 763 3460 er
774 3419 807 3460 tc
820 3420 927 3459 rerum
941 3421 948 3458 ε

393 3543 479 3587 Lutetia
488 3539 625 3596 Potitiorum,
635 3541 658 3585 in
668 3541 770 3596 Sorbonc,
783 3553 806 3584 π
818 3541 866 3584 idm
874 3539 981 3595 Jmocric,
992 3551 1028 3585 cn.
1038 3550 1187 3596 umectum,

588 3674 824 3727 recitatorum.
838 3673 921 3725 Paris.
939 3673 1057 3738 decantes,

690 3811 737 3882 H.
757 3808 971 3882 WALLON.
