2782 4576
612 341 773 403 -87..

167 476 241 544 dini
260 474 423 543 humanae
444 473 625 563 mentique
649 472 978 564 finem-Theologioi
1000 473 1220 560 indixerunt,

168 590 336 681 peculiari
351 589 462 658 torma
475 589 571 657 haud
581 588 683 657 facile
695 589 949 678 comprehendi
964 595 1000 658 et
1012 589 1162 673 includi,
1174 590 1224 662 ua

166 713 206 776 ut
226 706 288 796 qui
307 707 459 774 maxime
484 705 703 774 contendunt
723 704 838 773 Deum
863 705 907 773 ab
933 705 1090 775 humana
1112 705 1224 800 stirpe,

168 823 299 912 expeti,
312 829 416 912 atque
430 823 467 890 in
480 821 540 890 illo
552 821 640 889 tanti
649 821 803 910 impetus
818 841 858 889 ac
872 821 979 890 studii
991 841 1135 893 causam
1144 821 1223 890 ulti-

167 958 261 1006 mam
282 940 413 1027 jacere,
436 937 540 1007 simul
566 938 719 1006 maxime
743 937 919 1025 indignari
939 938 1092 1008 debeant
1112 958 1222 1026 quum

163 1055 295 1143 jactant
317 1075 355 1123 se
378 1054 511 1144 politici
523 1054 590 1122 viri
607 1053 771 1143 perfectae
793 1054 956 1123 essentiae
976 1054 1167 1145 imaginem
1184 1055 1221 1125 in

166 1172 241 1239 suis
270 1171 439 1239 doctrinis
466 1170 611 1239 reterre.
642 1169 816 1239 Caeterum
845 1175 887 1239 ut
914 1171 1027 1260 possit
1053 1171 1120 1239 Dei
1146 1171 1225 1261 ipsa

164 1287 272 1356 facies
285 1287 323 1355 in
343 1291 492 1376 angusto
505 1292 565 1355 tuo
580 1286 723 1376 speculo
737 1287 786 1355 ita
807 1287 921 1355 vivide
948 1287 1047 1378 pingi
1068 1292 1108 1356 ut
1126 1285 1224 1378 leges

167 1404 315 1473 civitatis
323 1403 405 1471 inde
422 1402 542 1490 ducaS,
560 1402 655 1493 quod
664 1403 805 1494 signum
820 1402 924 1472 allers
938 1423 1114 1492 expresse
1129 1404 1223 1472 simi·

165 1519 348 1588 litudinis‘l
361 1519 409 1587 Te
425 1539 553 1609 sequar
568 1538 614 1586 an
630 1519 738 1587 alium
754 1540 853 1609 aeque
865 1518 1017 1588 similem
1030 1520 1220 1609 imaginem

164 1655 203 1704 se
221 1635 418 1704 reddidisse
437 1634 691 1725 profitentem‘.l
715 1634 851 1704 Idcirco
869 1635 1053 1725 prudentis
1072 1641 1126 1705 est
1146 1636 1222 1722 viri,

164 1757 298 1820 tantum
326 1771 529 1820 asseverare
553 1751 667 1820 Deum
693 1772 772 1820 esse
804 1752 918 1820 omnis
943 1752 1033 1821 ideae
1058 1750 1221 1822 humana

164 1867 273 1937 tinem
287 1875 321 1938 et
331 1877 510 1938 auctorem
527 1875 702 1958 quatenus
716 1871 881 1960 reclusit,
896 1890 964 1940 nec
973 1869 1073 1940 illum
1084 1871 1123 1939 in
1136 1890 1222 1940 nos-

162 1989 218 2053 tra
227 1984 342 2074 jurgia
352 1984 560 2075 producere.

207 2248 265 2335 At,
283 2247 375 2316 dicet
394 2247 531 2337 aliquis,
552 2246 728 2338 quomodo
743 2267 785 2316 ea
797 2246 965 2317 methodo
980 2247 1092 2316 fretus
1110 2254 1217 2316 unam

165 2367 338 2436 civitatem
354 2366 518 2434 conficies
528 2366 546 2433 ‘l
558 2404 603 2415 -
616 2366 681 2436 Cui
692 2365 915 2456 respondebo
935 2387 942 2433 :
959 2365 1135 2456 quomodo
1150 2387 1222 2435 una

164 2479 1218 2572 siuntsingulaeeorumquaenaturarationisexpertiagignit:

164 2603 269 2684 astra,
286 2597 428 2687 plautae,
446 2596 638 2666 animalia?
657 2597 776 2678 Quum
795 2598 902 2688 igitur
922 2598 1053 2686 optime
1069 2598 1136 2665 ista
1152 2597 1223 2666 sint
1281 2605 1289 2619 “

164 2736 234 2784 una
251 2734 401 2803 quorum
415 2719 535 2803 partes
549 2720 675 2803 sponte
691 2715 929 2799 consentiunt,
947 2733 1010 2782 cur
1023 2713 1091 2782 hoc
1103 2714 1220 2804 ipsum

164 2831 297 2900 scilicet
308 2831 467 2920 partibus
476 2836 602 2917 sponte
612 2830 915 2899 consentientibus
927 2835 1088 2900 constare
1098 2830 1220 2899 huma·

165 2947 221 3015 nis
243 2945 440 3014 civitatibus
468 2946 608 3038 neges‘l
632 2946 790 3015 Necesse
812 2952 866 3014 est
887 2946 983 3015 enim
1007 2967 1220 3016 consensum

167 3068 227 3132 aut
242 3064 461 3133 extrinsecus
477 3063 612 3150 venire,
630 3070 690 3132 aut
704 3065 800 3132 intus
813 3083 904 3132 esse.
927 3063 1087 3132 Vidimus
1102 3069 1220 3153 autem

165 3196 270 3266 quam
295 3176 410 3246 debile
435 3198 476 3246 ac
497 3177 615 3246 laxum
636 3179 817 3248 vinculum
840 3199 884 3248 ex
902 3178 984 3247 idea
1004 3179 1217 3262 deducatur;

162 3291 315 3361 vidimus
342 3293 446 3381 hanc,
473 3300 513 3364 ut
538 3294 675 3363 diversa
700 3296 812 3364 estin
842 3294 989 3363 diversis
1016 3294 1219 3364 hominibus

164 3408 280 3497 potius
296 3408 379 3477 belli
400 3429 505 3500 quam
530 3410 691 3479 amicitiae
704 3431 847 3481 causam
867 3411 1071 3502 reipublice
1084 3411 1215 3481 inesse.

163 3526 342 3595 Adeamus
356 3547 438 3617 ergo
451 3526 601 3597 fidentes
614 3530 707 3599 hano
724 3530 870 3600 alteram
890 3530 1086 3599 doctrinam
1098 3529 1175 3618 ipso
1197 3549 1218 3597 a

162 3639 308 3709 Platone
329 3643 457 3730 partim
480 3643 697 3732 propositam
724 3643 919 3712 secundum
946 3662 1052 3732 quam
1081 3642 1215 3728 civitaS,

161 3763 296 3827 naturae
314 3758 472 3848 partibus
488 3759 690 3847 assimilata,
704 3759 766 3828 sed
781 3759 960 3850 praelecta,
978 3759 1055 3849 ipso
1071 3779 1214 3828 suarum

161 3874 314 3962 partium
332 3875 489 3964 pondere
512 3881 616 3968 atque
637 3881 727 3960 nutu
740 3875 780 3946 fit
795 3897 867 3947 una
888 3895 929 3946 ac
950 3896 1111 3946 concors.
1135 3877 1216 3966 lpse

161 3985 256 4059 enim
276 3986 376 4058 Plato
394 3988 496 4059 nobis
520 3989 558 4058 in
582 3989 778 4078 Republica
798 3994 971 4062 monstrat
988 3990 1083 4060 varia
1100 3989 1216 4060 homi-
