2782 4576
583 343 744 404 -79..

135 476 269 544 ducunt
295 498 303 544 :
330 475 573 545 concretiones
599 474 656 542 vel
677 475 970 543 condensationes
993 481 1028 543 et
1054 474 1187 544 discre-

135 593 261 676 tiones,
285 591 341 660 vel
370 591 631 677 rarefactiones,
662 591 757 659 etin
781 611 920 679 eaquae
945 591 1012 659 ista
1039 611 1189 681 sequeu-

134 714 247 793 tur‚...
265 712 301 776 ct
319 707 471 796 denique
487 707 651 775 omnibus
671 708 799 796 quibus
814 708 931 774 anima
944 729 1019 794 usa,
1038 709 1067 775 si
1082 707 1189 775 intel-

133 822 263 892 lectum
278 844 417 912 quoque
432 843 573 912 semper
585 823 742 891 divinum
758 825 1050 912 acceperit‚recte
1062 832 1189 893 cuncta
1270 842 1272 847 ·

135 939 202 1007 diis
224 947 320 1008 recta
339 939 523 1028 feliciaque
549 938 727 1027 perducit;
749 940 804 1006 sin
825 960 908 1007 vero
923 941 1085 1008 amentiae
1102 961 1190 1009 oon-

130 1057 253 1142 juucta
267 1055 383 1141 luerit,
399 1057 518 1123 omnia
531 1055 587 1122 his
600 1056 775 1123 contraria
788 1055 881 1123 facit.
901 1079 918 1123 u
935 1056 1006 1124 Sed
1024 1077 1041 1122 «
1053 1062 1191 1127 constat

135 1172 300 1260 optimam
314 1172 511 1240 animarum
520 1171 626 1240 totius
640 1170 765 1240 mundi
778 1192 898 1240 curam
912 1172 1042 1240 habere
1058 1192 1189 1242 conoe·

135 1287 293 1356 dendum
310 1308 389 1356 esse
405 1287 469 1376 (l).
486 1309 503 1354 n

179 1403 307 1472 Anima
335 1410 454 1471 autem
477 1405 635 1493 quamvis
669 1403 807 1493 corpori
834 1405 1047 1494 principium
1074 1411 1190 1476 motus

135 1519 192 1608 sit,
214 1526 250 1589 et
283 1521 394 1608 possit
423 1521 467 1589 ab
492 1520 551 1588 illo
583 1519 786 1588 conturbari
815 1539 855 1588 ac
880 1521 1063 1608 retardari,
1090 1524 1190 1612 quasi

134 1637 291 1726 pondere
317 1658 441 1706 currus
472 1638 606 1728 auriga,
627 1637 722 1705 illius
737 1632 835 1705 ‘vices
861 1657 932 1704 nou
951 1638 1093 1726 patitur,
1122 1658 1191 1707 nec

134 1773 242 1841 quum
266 1753 353 1821 illud
377 1755 416 1821 in
444 1759 564 1843 partes
594 1753 677 1840 abit,
701 1754 779 1842 ipsa
804 1752 1015 1820 dissolvitur.
1041 1753 1189 1842 Semper

135 1877 255 1939 manet
283 1871 352 1940 sibi
372 1871 514 1956 similis;
540 1871 635 1938 haud
663 1891 766 1939 secus
789 1875 894 1959 atque
919 1871 1040 1959 auriga
1062 1871 1123 1958 qui
1145 1871 1188 1939 de

135 2007 240 2054 curru
255 1986 363 2055 fracto
378 1987 531 2054 inalium
540 1987 678 2077 integer
688 1985 825 2080 transit,
838 1986 1010 2053 moriente
1027 2005 1186 2074 empore,

133 2100 249 2169 vivere
264 2120 336 2169 non
352 2100 491 2168 desinit.
520 2101 607 2180 Quae
630 2101 700 2167 sint
721 2100 847 2167 animae
875 2098 985 2167 civilis
999 2098 1069 2168 fata
1088 2100 1186 2169 Plato

133 2233 205 2281 non
226 2213 426 2301 declaravit,
452 2215 540 2282 nihil
569 2220 688 2282 aulem
708 2214 857 2303 impedit
883 2215 968 2302 quin
995 2213 1119 2282 eadem
1145 2235 1188 2284 ea

133 2352 213 2420 quae
239 2332 517 2421 uniuscujusque
542 2333 668 2401 animae
684 2353 762 2400 esse
784 2331 1007 2399 arbitremur.
1035 2333 1127 2422 Ergo
1150 2333 1186 2400 in

134 2449 298 2516 machina
330 2448 390 2516 illa
419 2449 584 2539 organica
607 2469 714 2538 quam
741 2449 917 2517 civitatem
940 2452 1077 2534 vocant,
1106 2468 1187 2536 pars

133 2564 369 2651 praestantior,
405 2571 522 2632 motus
542 2564 652 2652 origo,
684 2564 902 2632 extrinsecus
923 2564 1069 2631 veniens
1092 2563 1188 2632 velut

135 2680 226 2748 sedit
239 2687 274 2748 et
287 2688 326 2749 ut
340 2682 389 2749 ita
405 2681 519 2749 dicam
534 2681 685 2767 vehitur,
704 2700 787 2746 mox
804 2681 843 2747 in
859 2679 962 2746 aliam
987 2685 1185 2769 transgres-

133 2816 226 2864 sura.
254 2779 364 2865 Recta
382 2797 582 2887 respublica
601 2796 667 2864 Dei
690 2796 784 2885 apud
806 2796 969 2864 homines
987 2795 1185 2864 visitatione

132 2910 253 2977 oritur.
283 2910 385 2991 Quod
413 2911 573 2978 Memoris
598 2910 679 2978 finis
705 2910 972 2999 praeclarissime
988 2909 1183 2998 confirmat,

132 3027 360 3094 monstrando
381 3028 546 3096 virtutem
571 3032 678 3095 rectae
698 3027 961 3116 gubernationis
977 3027 1130 3112 unicam,
1148 3033 1187 3095 ut

132 3142 295 3228 vidimus,
314 3163 469 3229 causam,
486 3143 612 3232 cuique
627 3163 699 3210 uon
710 3149 827 3210 mente
848 3163 914 3210 neo
930 3143 1107 3210 voluntate
1122 3144 1186 3211 sed

132 3258 247 3326 divina
261 3266 354 3328 sorte
370 3262 611 3350 supervenire.
630 3282 647 3326 o
669 3260 706 3328 Si
721 3265 838 3327 autem
864 3279 930 3327 nos
953 3259 990 3325 in
1008 3259 1105 3326 omni
1119 3259 1184 3327 hac

132 3374 367 3464 disputatione
380 3386 476 3444 recte
491 3378 700 3465 perscrutati
715 3397 848 3462 sumus,
860 3377 970 3444 virtus
981 3376 1101 3465 utique
1116 3396 1184 3445 neo

131 3489 301 3574 doctrina,
325 3512 442 3579 neque
466 3497 593 3560 natura
623 3491 726 3559 nobis
756 3491 879 3577 aderit,
916 3511 1038 3559 verum
1066 3491 1182 3560 divina

131 3610 238 3686 sorte,
253 3603 386 3693 absque
404 3609 521 3672 mente
534 3605 570 3671 in
585 3625 665 3672 eum
678 3605 738 3694 qui
752 3625 829 3674 eam
845 3597 988 3673 sortitus
1011 3604 1112 3674 luerit
1128 3607 1182 3673 in-

128 3719 225 3808 fluet,
243 3721 312 3789 nisi
327 3720 416 3789 sorte
431 3721 510 3809 quis
525 3741 568 3790 ex
597 3722 756 3791 civilibus
778 3721 857 3790 talis
873 3721 998 3790 existat
1018 3727 1057 3790 ut
1075 3721 1181 3790 alium

160 3987 194 4050 (r)
210 3986 247 4035 ne
260 3984 356 4050 repra,
371 3989 427 4048 ooo,
439 3983 467 4033 a.
