2782 4576
605 330 706 390 ..76
732 366 763 374 a„

161 465 333 554 potiorem
349 463 533 534 adhibens.
554 465 606 534 Ac
624 465 824 534 summatim
840 463 1010 555 quidquid
1021 463 1219 554 prudentes

163 582 341 672 principes
363 586 483 672 agunt,
505 603 687 673 nunquam
711 581 924 671 delinquunt
937 581 1003 670 (l).
1022 579 1218 671 »Intellige

164 697 463 787 quidquid-agunt
490 697 566 766 sino
589 697 666 786 lege
685 695 741 764 vel
765 696 869 764 eliam
898 695 1065 764 adversus
1086 695 1216 784 legem.

208 815 340 883 Verum
355 834 418 882 seu
432 814 550 904 legum
568 813 657 882 lator
676 812 813 902 legibus
833 812 973 880 obediat
990 832 1053 881 seu
1073 832 1133 880 eas
1153 830 1219 880 suo

164 929 306 998 arbitrio
323 929 406 1020 figat
420 935 524 1018 atque
539 928 673 1018 refigat,
690 929 847 996 instituta
867 926 980 996 civilia
997 927 1129 1016 optima
1142 948 1218 996 non

164 1044 352 1115 muliorum
371 1046 436 1115 sed
454 1046 559 1114 unius
574 1055 633 1114 aut
650 1066 841 1136 paucorum
858 1045 1032 1114 rationem
1047 1044 1220 1113 referunt.

165 1162 268 1231 Unde
284 1168 402 1230 autem
416 1163 454 1229 in
466 1161 639 1230 rationem
653 1161 879 1250 prudentium
893 1161 1049 1230 virorum
1061 1160 1222 1250 pruden-
1288 1241 1297 1257 ·

166 1264 212 1342 tia
236 1275 381 1344 delluit‘?
405 1274 481 1357 Quo
505 1295 548 1343 ex
570 1275 665 1343 fonte
693 1280 813 1344 monol
836 1276 873 1344 in
896 1257 1225 1344 illorum'mentem

164 1393 254 1460 Boni
273 1411 313 1460 ac
336 1392 425 1461 lusti
450 1392 597 1461 notitia‘l
620 1393 727 1461 Totus
752 1398 873 1461 sextus
896 1391 1108 1479 Reipublicae
1131 1391 1227 1461 liber

166 1508 368 1597 respondet.
397 1509 454 1578 Fit
481 1508 724 1599 philosophus
751 1508 899 1576 civitatis
918 1512 1034 1576 rector
1055 1513 1114 1575 aut
1138 1507 1224 1576 fun-

170 1624 281 1711 dator,
317 1625 547 1715 intelligentia
577 1612 740 1693 veritatis
759 1629 818 1691 aut
844 1624 1086 1693 Essentiarum
1125 1643 1228 1692 com-

169 1742 334 1809 munione
350 1743 528 1831 prudens;
552 1741 724 1809 Essentiae
745 1746 862 1809 autem
877 1740 967 1809 Boni
989 1761 1101 1830 genus
1118 1746 1226 1826 sunt3
1300 1772 1302 1775 ·

170 1861 288 1925 custos
312 1877 395 1947 ergo
416 1857 620 1947 reipublicae
647 1858 715 1925 nisi
738 1857 877 1926 Bonum
898 1858 1016 1947 ipsum
1041 1859 1227 1947 perspIcit,

171 1974 295 2043 saltem
321 1974 396 2062 ejus
415 1973 525 2043 filium
540 1974 671 2042 Verum
688 1960 869 2064 dignoscet
885 1980 1002 2063 atque,
1024 1975 1113 2042 sicut
1138 1995 1228 2043 ocu-

171 2090 224 2158 lus
249 2111 319 2157 non
344 2089 427 2158 solis
450 2095 485 2158 at
508 2090 651 2158 luminis
673 2089 711 2158 sit
735 2076 924 2180 particeps,
955 2110 1019 2179 per
1042 2090 1229 2160 scientiam

171 2205 299 2274 valebit
317 2206 463 2294 perlecti
482 2211 642 2275 naturam
659 2207 800 2296 assequi
814 2206 881 2295 (2).
896 2207 992 2275 Deus
1009 2227 1092 2297 ergo
1108 2206 1229 2296 philo-

172 2318 274 2408 sophi
294 2316 488 2386 ministerio
513 2319 686 2387 civitatem
703 2319 928 2408 gubernabii3
953 2319 1048 2388 Deus
1069 2340 1230 2409 praesens

171 2433 209 2500 in
241 2432 345 2520 hujus
373 2432 507 2502 ratione
534 2433 616 2500 huic
645 2453 748 2501 suum
774 2433 999 2521 demandabit
1022 2435 1229 2525 imperium.

96 2636 100 2647 Ι
173 2546 355 2627 Quomodo
371 2552 517 2616 caeteros
532 2547 694 2615 homines
715 2548 874 2636 ejusdem
887 2569 965 2616 esse
986 2554 1119 2619 naturae
1132 2549 1232 2639 judi-

102 2650 106 2657 ’
175 2661 321 2730 oemus‘l
343 2661 404 2729 Vir
433 2662 581 2751 quisque
610 2661 698 2729 alius
726 2661 763 2728 in
793 2683 831 2730 se
865 2662 1062 2746 belluarum
1094 2665 1232 2733 similes

175 2775 384 2865 cupiditates
403 2774 481 2860 alit3
505 2774 564 2842 ille
589 2780 624 2842 et
647 2775 683 2842 in
707 2796 744 2844 se
767 2776 802 2844 et
823 2797 930 2866 super
954 2779 1090 2846 caeteris
1112 2777 1231 2848 Deum

175 2890 308 2958 inducit
339 2894 560 2995 regnantem,
591 2889 705 2958 omnis
738 2889 933 2960 harmoniae
961 2912 1001 2959 ac
1030 2892 1231 2963 concordiae

174 2992 398 3097 principium.
424 3005 666 3076 Submittenda
682 3028 764 3097 ergo
783 3008 856 3076 viro
882 3008 1088 3098 philosopho
1109 3009 1231 3079 multi-

175 3122 259 3191 tudo
289 3123 403 3192 omnis
427 3121 670 3213 imperitorum
696 3130 735 3192 ut
762 3145 908 3210 concors
932 3145 973 3194 ao
996 3126 1098 3194 beate
1124 3125 1230 3195 vivat.

178 3260 195 3306 r
211 3238 338 3308 Nonne
353 3245 391 3308 ut
404 3239 606 3328 hujusmodi
621 3241 673 3308 vir
697 3262 716 3308 a
737 3241 797 3309 tali
819 3241 970 3331 quodam
986 3241 1074 3310 duce
1090 3246 1236 3332 regatur

179 3357 325 3448 aquali
352 3363 386 3427 et
412 3358 565 3447 optimus
591 3359 739 3447 quisque
764 3359 914 3448 regitur,
947 3378 1086 3426 servum
1116 3358 1238 3446 ipsum

180 3475 296 3544 dicere
312 3475 481 3543 debemus
498 3476 619 3565 optimi
636 3476 714 3561 viri,
733 3475 960 3566 divinumque
974 3474 1013 3542 in
1033 3475 1150 3565 seipso
1169 3472 1239 3543 im·

179 3596 377 3680 peratorem
408 3591 570 3660 habentis
612 3617 619 3657 :
663 3613 780 3681 neque
812 3592 855 3660 ad
889 3591 1037 3681 subjecti
1062 3593 1237 3681 jacturam

181 3726 305 3794 parcre
338 3705 436 3775 illum
466 3707 594 3777 debere
622 3707 795 3797 superiori
833 3727 1032 3797 censemus,
1063 3709 1235 3798 quemad-

215 3969 249 4034 (l)
268 3968 400 4034 notrum,
416 3973 471 4022 eu.
485 3996 514 4008 -
531 3971 566 4036 n)
584 3973 618 4021 oe
633 3972 758 4038 nepum.
769 3973 813 4023 vr.
