2782 4576
604 404 644 414 -
666 367 707 430 65
727 402 767 413 -

163 498 379 568 hortationes
394 499 569 567 suasorias
588 496 692 566 addat
703 516 813 585 quum
826 495 869 564 de
887 496 1098 585 quibusdam
1110 495 1217 564 rebus

163 619 282 682 tacere
305 621 489 705 eoguntur.
513 608 669 702 Tyranni
694 616 748 680 est
771 611 806 678 vi
833 612 1009 680 civitatem
1041 631 1218 696 coercere;

164 726 258 815 ragis
273 733 391 795 autern
406 726 562 796 volentes
586 727 680 795 cives
696 725 740 793 ad
756 725 895 794 beatam
921 745 1060 794 necnon
1080 724 1123 791 ad
1138 744 1221 812 pro-

167 847 248 916 bam
270 851 377 918 vitam
405 850 546 918 ducere.
575 847 753 938 Quidquid
777 849 871 917 enim
899 868 919 917 a
946 849 1065 939 pueris
1092 848 1222 916 fuimus

167 972 311 1056 assueti,
331 971 368 1039 id
387 970 487 1038 facile
511 990 552 1038 ac
572 970 719 1039 feliciter
740 969 954 1059 perficimus,
980 990 1082 1060 pane
1106 969 1221 1038 inscii.

168 1086 206 1156 Si
216 1108 299 1157 vero
319 1065 442 1157 omn'es
459 1088 603 1157 easdem
624 1089 896 1170 consuetudine-s
911 1089 1117 1158 educatione
1138 1109 1225 1157 con-

166 1205 325 1292 ceperint
337 1225 442 1294 quam
454 1225 524 1273 una
538 1206 758 1274 consentient
775 1225 816 1274 ac
832 1205 1086 1275 cohaerebunt!

215 1320 328 1389 Causa
352 1321 479 1389 borum
510 1322 641 1410 optime
671 1341 692 1390 a
722 1321 868 1390 Platone
902 1328 1107 1390 monstrata.
1141 1343 1157 1387 r<
1186 1320 1228 1388 ln

170 1436 333 1506 omnibus
358 1457 512 1528 namque
534 1437 733 1506 viventibus
763 1439 876 1527 prima
902 1439 980 1526 ipsa
1006 1438 1175 1527 germina,
1200 1437 1232 1504 si

172 1559 251 1643 apte
274 1554 444 1642 coeperint
470 1552 514 1621 ad
538 1559 672 1645 naturae
705 1532 777 1621 sua
802 1553 980 1640 virtutem,
1008 1554 1079 1621 rim
1100 1553 1233 1622 habent

174 1689 349 1738 summam
376 1669 420 1736 ad
445 1668 553 1737 finem
573 1669 641 1738 sibi
668 1669 826 1737 debitum
845 1670 1114 1759 imponendum.
1131 1669 1233 1752 Quod

176 1790 211 1853 et
228 1786 267 1853 in
281 1785 409 1875 plantis
426 1785 556 1872 evenit,
574 1790 610 1854 et
625 1786 663 1853 in
678 1786 793 1855 brutis
807 1792 883 1854 tum
905 1786 1145 1873 sylvestribus,
1161 1793 1237 1854 tum

176 1902 281 1970 etiam
308 1902 503 1969 mansuetis
532 1908 567 1969 et
602 1902 637 1969 in
670 1902 884 1969 hominibus
918 1903 1107 1970 Hominem
1142 1904 1237 1970 enim

176 2022 401 2087 mansuetum
420 2016 550 2086 animal
566 2038 644 2085 esse
660 2017 819 2085 dicimus,
843 2018 952 2086 Porro
965 2018 995 2086 si
1011 2039 1092 2086 cum
1110 2025 1237 2087 natura

178 2133 271 2202 felici
295 2139 430 2201 rectam
456 2154 597 2223 quoque
622 2133 843 2222 disciplinam
857 2134 963 2202 fuerit
979 2139 1173 2222 assecutus,
1199 2136 1236 2203 in

180 2249 437 2318 divinissimum
452 2250 863 2351 'mansuetissimumque
890 2250 1020 2318 animal
1047 2250 1136 2319 solet
1160 2271 1238 2320 eva-

181 2366 264 2435 dere
283 2393 290 2432 :
309 2366 458 2434 sinvero
474 2366 642 2433 nonsatis
660 2370 720 2434 aut
737 2386 810 2433 non
822 2365 913 2434 bene
935 2367 1039 2435 luerit
1056 2367 1236 2454 educatus,

181 2481 437 2551 ferocissimum
457 2482 616 2548 omnium
636 2501 714 2570 qnae
738 2482 776 2548 iu
791 2483 894 2549 terris
908 2489 1100 2551 nascantur
1112 2483 1242 2551 animal

182 2598 342 2666 redditur
352 2597 417 2687 (l).
432 2619 450 2664 u
466 2596 567 2679 Quod
578 2597 721 2684 quidem
738 2596 1003 2666 confirmabitur
1018 2600 1048 2665 si
1066 2600 1145 2687 quis
1163 2619 1243 2667 cum

183 2714 327 2782 Platone
347 2712 601 2781 animadvertet
629 2714 782 2780 maxima
812 2714 1031 2786 incrementa
1056 2715 1094 2782 in
1120 2715 1245 2804 primis

184 2830 286 2898 annis
297 2829 482 2897 hominum
494 2835 658 2897 naturam
671 2828 845 2917 accipere.

229 2945 432 3014 Intellectus
446 2951 564 3013 autem
579 2945 640 3034 qui
655 2945 693 3012 in
705 2945 849 3013 homine
863 2952 1000 3014 maturo
1014 2946 1111 3035 regia
1128 2952 1243 3036 potes-

185 3068 255 3130 tate
276 3061 415 3143 fruitur,
428 3062 466 3130 in
482 3082 590 3150 puero
612 3061 749 3130 debilis.
769 3060 838 3141 Qui
853 3061 995 3149 quidem
1009 3062 1186 3150 voluptate
1203 3084 1243 3132 ac

187 3176 306 3246 dolore
321 3177 474 3245 maxime
488 3177 692 3266 impellitur,
709 3183 745 3245 et
766 3176 841 3244 sola
859 3176 926 3244 hac
939 3177 995 3245 via
1018 3177 1063 3244 ad
1081 3179 1245 3247 virtutem

187 3293 335 3362 tendere
353 3298 482 3383 potest.
499 3294 566 3362 Ars
583 3313 665 3382 ergo
683 3292 886 3361 educatoria
909 3294 946 3361 in
963 3292 1031 3360 hoc
1052 3296 1245 3383 praesertim

190 3414 327 3477 constat
354 3410 453 3477 utin
477 3409 598 3499 pueris
627 3409 742 3476 adhuc
766 3409 887 3476 insciis
912 3429 1041 3476 sensus
1066 3409 1124 3478 isti
1152 3420 1247 3480 recte

189 3524 441 3608 inlormcntur3
458 3544 530 3592 non
550 3524 727 3614 prohibita
742 3524 885 3614 quidem
900 3525 1050 3613 ratione,
1064 3530 1100 3594 at
1113 3530 1248 3594 tantum

191 3640 345 3710 admissa
368 3646 539 3731 quantum
566 3637 807 3710 crescentibus
832 3641 934 3708 annis
957 3661 1112 3730 praesens
1139 3645 1250 3733 magis

192 3775 234 3826 ac
248 3758 360 3848 magis
383 3758 421 3825 in
445 3777 585 3847 quoque
605 3756 681 3825 liet.
709 3756 802 3826 Hinc
821 3755 964 3826 definita
987 3757 1253 3848 disciplinaris

225 4017 262 4082 (1)
275 4018 313 4068 De
326 4016 442 4081 ualdus,
452 4021 508 4080 765,
520 4031 542 4065 e.
