2782 4576
668 305 827 366 -ἳῶ-

213 442 321 512 altero
345 442 542 526 victoriam,
568 446 686 510 tamen
715 461 823 530 quum
854 439 983 508 Anima
1010 440 1265 531 superveniens
1337 481 1339 485 <

216 558 405 628 miscendis
434 556 618 626 elementis
642 558 831 647 praesideat
854 563 959 646 atque
983 558 1139 648 corporis
1161 557 1269 627 totius

215 675 499 744 constitutionem
526 672 686 742 conficiat
705 679 744 743 ut
768 674 805 742 in
833 672 901 742 hac
923 674 1032 743 diuini
1055 673 1267 764 exemplaris

215 811 320 882 quam
340 791 490 860 maxime
508 790 773 859 similitudinem
798 790 981 880 exprimat,
1004 792 1041 859 id
1064 796 1118 859 est
1137 797 1176 859 ut
1199 791 1268 860 sibi

213 907 299 975 illud
317 907 441 975 reddat
460 907 694 992 contrarium,
711 905 823 974 oritur
841 905 921 974 inde
947 905 1088 994 politica
1109 907 1267 977 doctrina

215 1028 360 1095 minime
373 1026 554 1112 naturalis,
573 1026 635 1095 sed
648 1025 842 1116 theologica
859 1047 938 1116 quae
953 1027 1058 1096 vitam
1071 1028 1108 1095 in
1122 1047 1267 1118 corpore

214 1143 491 1212 administrando
516 1144 627 1233 magis
652 1142 793 1212 abolere
810 1164 922 1233 ¹quam
947 1143 1040 1212 alere
1067 1145 1189 1234 possit.
1215 1145 1268 1214 Ex

215 1258 357 1327 animali
377 1260 472 1327 enim
496 1259 699 1327 varietatem
721 1278 762 1327 ac
783 1265 915 1328 motum
937 1261 1088 1348 partium
1103 1262 1134 1330 si
1150 1260 1263 1346 tollas,

215 1373 299 1463 quid
318 1375 394 1462 ejus
410 1394 457 1441 ex
480 1378 605 1440 natura
625 1374 810 1462 superest‘?
832 1375 1054 1463 quodquam
1076 1364 1212 1444 conaris
1228 1376 1265 1444 in

214 1490 329 1560 Deum
347 1491 596 1582 transfigurare
618 1492 734 1580 reipsa
753 1490 860 1559 deles.
887 1491 932 1559 At
952 1498 1141 1583 antequam
1159 1514 1267 1582 repu-

216 1613 355 1701 gnantia
376 1612 434 1680 illa
461 1612 635 1681 elementa
664 1609 835 1679 dissidere
858 1611 1010 1679 invicem
1034 1618 1137 1702 atque
1161 1617 1199 1680 ut
1221 1613 1269 1680 ita

215 1726 329 1794 dicam
353 1727 506 1816 dirumpi
530 1745 728 1810 cernamus,
758 1745 864 1814 quam
894 1727 1050 1815 speeiem
1081 1727 1267 1795 animantis

214 1837 312 1908 Plato
328 1839 457 1909 civitati
471 1840 635 1909 humanae
651 1839 812 1909 tribuerit
829 1839 930 1908 uobis
947 1839 1219 1930 inspiciendum.

725 2216 760 2287 ll

403 2468 450 2520 De
467 2458 588 2522 collata
604 2481 681 2520 oum
697 2469 832 2520 homine
848 2483 916 2521 uno
931 2469 1078 2523 civitate.

261 2766 404 2836 Homini
412 2765 475 2834 uni
485 2764 662 2835 simillima
674 2765 807 2836 civitas.
821 2764 1010 2835 Abundant
1019 2767 1131 2836 lociin
1143 2768 1269 2864 quibus

215 2883 426 2952 sententiam
439 2883 531 2953 hanc
542 2880 641 2955 Plato
651 2882 835 2974 splendide
848 2883 1003 2972 aperuit:
1018 2905 1269 2976 =quorumprae

217 3001 338 3092 cipuos
350 3001 408 3069 hic
422 3021 525 3092 paene
535 3002 690 3090 integros
705 3019 777 3067 non
792 2999 941 3068 reddere
957 3021 1028 3067 non
1045 3022 1244 3089 possumus.

258 3117 416 3185 Primum
464 3117 638 3185 civitatem
681 3136 753 3183 non
800 3116 1000 3204 discrepare
1048 3116 1091 3185 ab
1127 3099 1274 3186 homine

213 3234 282 3303 nisi
305 3233 545 3324 magnitudine
577 3238 714 3303 constat
742 3235 835 3324 apud
861 3253 1030 3324 personas
1061 3235 1098 3303 in
1129 3235 1264 3326 dialogo

215 3467 344 3556 opinio,
362 3466 593 3556 quaestionem
616 3466 709 3546 hanc
738 3485 844 3556 quam
872 3466 1095 3556 aggredimur
1119 3467 1266 3557 (scilieet

214 3588 375 3651 naturam
395 3583 544 3671 justiciae
564 3581 822 3671 exponendam)
842 3601 915 3650 nou
936 3602 1014 3650 esse
1040 3590 1271 3654 contemnen-

215 3693 307 3784 dam,
325 3696 388 3764 sed
406 3696 677 3780 hominisjaeute
693 3696 870 3785 cernentis
885 3716 986 3785 opus,
1003 3703 1042 3766 ut
1064 3698 1150 3766 mihi
1171 3700 1269 3770 vide·

211 3813 309 3877 retur
330 3836 337 3875 :
360 3829 401 3878 ac
419 3816 603 3900 postquam
622 3831 687 3880 nos
712 3810 813 3881 aliter
838 3833 907 3880 non
928 3813 1097 3903 valemus,
1120 3817 1265 3904 perinde

214 3923 491 4014 investigandam
518 3945 596 3995 esse
621 3927 808 4017 justitiam,
835 3948 875 3998 ac
903 3929 932 3997 si
964 3930 1043 4020 quis
1071 3951 1143 3999 non
1169 3938 1269 3999 acute
