2782 4576
611 297 766 358 ..42-

162 450 258 500 nare.
284 430 402 500 Mitius
427 437 545 499 tamen
569 430 835 499 concedendum
857 432 997 501 tertium
1020 436 1215 523 superiora,

163 544 274 614 artem
298 546 475 632 videlicet,
500 547 613 635 sequi.
638 546 861 636 Tempestate
884 548 979 616 enim
1008 549 1216 617 imminente

162 662 311 730 multum
331 662 503 731 interesse
522 660 689 743 arbitror,
703 663 986 752 gubernatoriam
1006 664 1136 733 habeas
1158 685 1216 733 ar-

163 780 247 866 tem,
262 798 375 847 neone
390 777 453 867 (l).
474 799 491 845 u
508 779 551 847 dt
570 777 665 846 idem
686 778 797 865 Plato,
814 779 852 847 in
867 778 1062 866 Republica
1084 780 1220 850 dixerat

163 913 200 983 se
212 914 329 984 posse,
341 893 397 963 vel
408 914 478 962 uno
490 899 622 962 mutato
636 894 702 982 (2),
713 894 886 963 civitatem
898 895 1053 964 funditus
1063 903 1212 964 mutare.

162 1008 344 1091 Quomodo
357 1010 433 1078 haeo
447 1029 518 1078 non
534 1009 769 1099 discrepantia
785 1010 996 1099 judicemus,
1015 1016 1120 1100 atque
1134 1011 1218 1080 hinc

162 1125 318 1195 innatam
334 1131 468 1195 naturae
482 1126 565 1213 vim,
581 1125 678 1194 illinc
694 1113 902 1196 extraneum
918 1126 1059 1195 artificis
1075 1147 1164 1216 opus
1179 1129 1217 1196 in

164 1241 408 1311 constituenda
433 1242 571 1311 civitate
594 1261 666 1311 uon
692 1242 851 1310 dicamus
878 1242 1068 1312 advocarit
1087 1243 1217 1313 Senes·

164 1376 248 1427 cens
261 1357 404 1447 quidem
418 1362 550 1445 noster,
568 1363 672 1448 atque
686 1359 812 1426 inanes
829 1378 977 1448 perosus
988 1359 1217 1428 Atheniensis

163 1472 284 1563 populi
302 1474 422 1542 turbas
442 1474 553 1564 magis
568 1494 609 1543 ao
628 1474 739 1563 magis
760 1472 899 1542 difficile
915 1495 1003 1564 opus
1020 1474 1088 1543 hoo
1106 1475 1214 1544 duce·

128 1562 141 1582 ⁸
164 1588 242 1674 but3
264 1589 327 1658 sed
345 1589 573 1660 nibilominus
594 1611 615 1658 a
633 1610 695 1680 spe
709 1609 774 1658 suu
793 1581 970 1660 deturbari
987 1591 1133 1658 minime
1153 1611 1216 1681 pa·

163 1705 328 1777 tiebatur.
344 1705 535 1775 Educenda
554 1705 621 1774 sibi
636 1706 667 1774 si
691 1705 832 1774 daretur
846 1725 972 1774 recens
991 1706 1140 1790 colonia,
1158 1711 1219 1775 aut

165 1821 285 1890 civitas
296 1822 417 1911 Juveni
430 1829 577 1912 tyranno
593 1823 798 1913 gubernata,
812 1823 929 1889 omnia
941 1821 1008 1890 sibi
1023 1842 1066 1889 ax
1078 1828 1217 1890 senten-

166 1937 213 2006 tia
237 1958 446 2028 processura
464 1958 535 2008 non
559 1937 750 2007 dubitabat.
770 1937 966 2027 Tyrannus,
988 1937 1115 2027 inquit,
1135 1957 1218 2006 vere
1296 1992 1298 1996 .

164 2058 366 2143 temperans
389 2054 537 2124 civitatis
561 2073 678 2123 mores
702 2054 871 2143 temporis
893 2059 1031 2143 puncto.
1047 2054 1215 2141 mutabit,

166 2170 317 2260 sapienti
329 2171 402 2239 viro
417 2170 534 2260 legum
548 2171 650 2239 latori
665 2169 839 2260 imprimis
852 2171 1083 2240 consociatus.
1102 2191 1120 2238 c
1140 2171 1217 2240 Hoc

167 2287 261 2356 enim
284 2287 315 2356 si
338 2288 543 2376 accesserit,
567 2288 685 2357 omnia
708 2287 818 2355 terme
842 2273 938 2356 Deus
963 2287 1099 2356 dederit
1125 2289 1219 2376 quod

166 2403 250 2472 darc
269 2405 369 2491 solet,
384 2405 521 2495 quoties
541 2405 714 2474 civitatem
734 2403 888 2494 aliquam
908 2403 1045 2473 felicem
1064 2405 1218 2473 maxime

166 2520 240 2589 uult
258 2520 374 2590 lore...
398 2520 580 2604 Quomodo
601 2540 685 2589 vero
708 2520 838 2610 ubique
860 2539 1026 2608 magnum
1049 2519 1133 2609 quid
1159 2525 1218 2589 aut

166 2636 315 2705 arduum
326 2636 603 2705 existimabimus
620 2641 658 2704 ut
672 2636 765 2704 cives
780 2655 862 2703 eum
877 2635 994 2702 statim
1010 2640 1214 2722 sequuntur,

167 2754 227 2842 qui
250 2754 299 2821 ita
324 2752 448 2822 suadet
474 2757 509 2821 et
534 2752 651 2842 cogit‘l
677 2751 791 2820 Nemo
816 2751 916 2819 uobis
943 2750 1170 2839 persuadeat,
1197 2770 1218 2820 o

168 2869 282 2954 amici,
298 2864 398 2939 aliter
409 2888 567 2958 unquam
582 2868 683 2937 citius
699 2874 734 2935 et
747 2867 882 2935 facilius
897 2874 1003 2955 quarn
1017 2866 1217 2956 principum

168 2983 329 3072 exemplo
357 2983 454 3074 leges
482 2984 519 3051 in
544 2982 681 3051 civitate
706 2980 833 3050 mutari
860 2979 923 3068 (3).
948 3001 965 3047 n
992 2981 1085 3069 Ergo
1109 2999 1217 3068 quum

167 3099 294 3189 plantae
314 3100 557 3168 minutissimae
579 3098 732 3167 indolem
749 3117 854 3165 nemo
869 3117 1025 3186 unquam
1046 3117 1084 3165 se
1104 3103 1219 3165 muta-

168 3219 284 3283 turum
300 3213 536 3305 profiteretur,
552 3217 673 3302 utpote
693 3217 818 3292 nutura
837 3216 949 3279 ortam
966 3210 1145 3279 :indolem
1164 3217 1218 3279 to·

169 3328 239 3397 tius
253 3327 399 3399 civitatis
414 3347 454 3396 ao
468 3347 600 3409 moros,
613 3347 634 3395 a
649 3319 776 3395 natura
792 3345 880 3415 quos
894 3325 999 3393 modo
1016 3324 1102 3393 dixit
1116 3324 1221 3393 infor-

169 3450 294 3526 matos,
310 3443 409 3513 Plato
427 3444 592 3533 praedicat
610 3463 648 3513 so
664 3443 821 3512 funditus
839 3463 859 3511 e
873 3441 1028 3531 pessimo
1042 3441 1079 3509 in
1094 3441 1220 3510 melius

172 3581 422 3630 conversurum
438 3560 445 3629 l

202 3810 236 3880 (1)
252 3811 288 3862 De
299 3769 414 3876 lepidus,
426 3815 480 3862 709.
494 3825 518 3861 o.
535 3835 564 3847 -
579 3808 614 3872 (Ξ)
631 3808 667 3858 De
678 3809 746 3874 dep,
758 3807 848 3872 tram.
862 3834 890 3845 -
905 3808 937 3870 (3)
952 3807 989 3858 Dc
1001 3805 1117 3872 Lepidus,
1127 3809 1183 3869 tto,
1195 3819 1217 3855 c.
