2782 4576
578 365 736 428 ..67-

125 504 205 586 post
232 497 310 566 haec
337 503 439 588 putas
473 497 676 586 reipublicae
699 496 873 565 formam?
896 537 941 549 -
962 499 1117 580 Quidni‘?
1139 539 1186 586 ··.

123 612 260 680 Deinde
280 618 424 702 agentes
438 612 514 680 baec
528 618 567 680 ut
585 613 735 680 arbitror
748 612 793 679 ad
807 618 956 702 utraque
977 615 1183 704 frequenter

125 728 327 816 respicient,
340 729 384 796 ad
396 727 484 796 illud
500 728 633 796 scilicet
647 727 741 815 quod
756 734 881 796 natura
893 731 1028 818 justum
1042 751 1083 798 ac
1097 737 1185 798 tem-

128 849 287 930 peratum
304 843 433 928 existit,
455 848 650 928 caeteraque
670 840 893 927 hujusmodi,
928 847 1033 931 atque
1057 843 1186 910 iterum

128 957 174 1024 ad
191 958 358 1045 humana,
376 963 411 1026 et
435 958 480 1024 ad
503 957 695 1045 superioris
713 956 807 1025 illius
826 957 1006 1046 exemplar
1028 958 1185 1026 humana

131 1073 320 1163 disponent
332 1073 395 1164 (t).
410 1097 427 1142 n
442 1073 533 1162 Ergo
541 1073 746 1163 purgandus
757 1075 896 1142 animus
908 1076 969 1164 qui
977 1075 1185 1163 philosopho

130 1189 334 1257 educandus
357 1189 470 1276 datur,
488 1189 582 1256 omni
601 1190 707 1257 insito
730 1210 839 1257 sensu
862 1195 967 1278 atque
991 1191 1088 1258 omni
1104 1196 1187 1258 ante

129 1313 273 1397 accepta
300 1307 466 1396 opinione
493 1332 500 1373 :
527 1314 652 1375 natura
676 1306 726 1373 illi
752 1309 849 1396 prior
872 1307 1053 1394 exuenda,
1082 1313 1188 1395 atque

129 1424 238 1492 altera
270 1423 451 1492 induenda
471 1423 572 1492 :vide
605 1429 725 1491 autem
749 1430 919 1512 quantum
945 1423 1054 1493 altera
1078 1424 1190 1514 priori

134 1541 320 1630 discrepet.
657 1517 663 1526 ¹

174 1658 306 1726 Notum
325 1656 488 1725 omnibus
503 1675 524 1724 a
540 1654 688 1725 Platone
711 1656 933 1746 disciplinam
958 1663 1067 1725 totam
1096 1657 1191 1726 Cho·

131 1796 231 1843 reum
254 1775 384 1859 vocari,
401 1795 479 1864 quae
502 1774 540 1841 in
564 1773 651 1841 duas
675 1774 778 1865 abeat
800 1780 931 1864 partes,
953 1774 1087 1842 scilicet
1105 1774 1190 1843 hinc

131 1893 168 1960 in
202 1891 469 1980 Gymnasticanr
496 1897 631 1975 artem,
663 1891 761 1960 illino
785 1893 823 1958 in
855 1891 1040 1960 Marsicum.
1068 1891 1191 1960 nmbae

133 2014 251 2077 autem
271 2007 315 2076 ad
330 2008 488 2075 divinum
508 2008 688 2096 exemplar
705 2007 931 2076 instituendae
945 2014 1045 2092 sunt3
1062 2008 1190 2075 immo·

132 2125 221 2194 biles
249 2125 381 2193 idcirco
420 2124 513 2192 illins
544 2125 657 2191 instar
691 2144 733 2191 ac
773 2145 915 2212 semper
942 2125 1067 2192 eadem
1090 2123 1187 2190 frent.

131 2241 301 2330 AEgyptns
321 2241 499 2309 aPlatone
518 2240 619 2308 valde
639 2240 790 2326 laudata,
812 2241 894 2330 quia
908 2240 1002 2328 apud
1015 2241 1112 2308 illam
1134 2239 1189 2307 vel

131 2356 202 2444 joci
232 2376 422 2443 puerorum
449 2376 591 2443 semper
617 2355 725 2422 iidem
750 2376 814 2444 per
842 2355 970 2423 saecula
994 2359 1188 2422 servantur.

136 2473 324 2542 Contendit
342 2473 438 2540 enim
457 2472 593 2539 nullum
612 2472 742 2538 animal
763 2472 831 2539 nisi
856 2473 1009 2539 maximo
1035 2470 1193 2561 periculo

132 2588 420 2656 commutationes
451 2589 533 2676 pati.
566 2609 583 2653 n
617 2587 848 2655 Mutationem
877 2588 931 2655 aio
956 2589 1120 2655 omnibus
1154 2587 1191 2653 in

132 2705 239 2773 rebus
257 2714 492 2794 praeterquam
507 2704 607 2771 malis
628 2724 706 2771 esse
723 2704 1100 2792 perniciosissimam...
1117 2723 1191 2771 cor-

133 2839 218 2908 pora
244 2819 388 2908 quidem
415 2841 495 2888 curn
521 2819 644 2909 primis
667 2821 754 2887 cibis
779 2820 955 2909 aliquibus
985 2826 1022 2887 et
1051 2820 1191 2908 potibus

133 2933 380 3023 laboribusque
395 2939 552 3019 utentur,
573 2934 760 3001 turbantur
775 2933 1047 3021 quodammod0‚
1064 2933 1192 3001 deinde

134 3069 178 3116 ex
192 3048 357 3117 diuturno
368 3049 698 3117 harumrerumusu
717 3055 961 3135 concrescunt,
978 3050 1193 3139 pinguiaque

137 3165 348 3251 redduntur;
364 3171 468 3254 atque
481 3165 686 3254 hujusmodi
707 3167 801 3234 victu
819 3172 939 3255 utpote
961 3166 1011 3234 ita
1026 3171 1194 3233 consueto

135 3277 296 3345 familiari
332 3284 368 3345 ot
404 3279 515 3346 amico
545 3278 764 3346 delectantur
788 3278 978 3347 admodum
1008 3285 1044 3346 et
1065 3279 1196 3366 optime

136 3395 253 3473 valent
267 3422 273 3461 :
287 3401 323 3462 at
333 3395 363 3462 si
378 3396 601 3485 exprobabili
613 3396 727 3486 aliqua
738 3417 844 3464 causa
856 3397 899 3464 ad
912 3397 1016 3464 aliam
1026 3402 1196 3485 cogantur

139 3511 288 3580 transire
308 3511 451 3596 dietam,
468 3513 504 3579 in
525 3513 667 3580 morbos
682 3514 781 3581 initio
803 3515 1009 3582 conturbata
1024 3512 1194 3599 incidunt,

140 3632 329 3713 autequam
353 3646 444 3708 novo
468 3627 574 3693 victui
598 3634 843 3696 consuescant.
867 3627 967 3695 Idem
995 3648 1135 3716 quoque
1158 3628 1197 3694 in

138 3743 408 3833 cogitationibus
436 3744 618 3812 hominum
651 3740 919 3835 animorumque
948 3746 1083 3815 naturis
1119 3744 1197 3813 fieri

171 4021 206 4086 (t)
224 4023 260 4072 De
272 4024 343 4087 Rep„
355 4025 412 4085 stt,
423 4037 448 4073 a.
