2782 4576
607 308 766 369 ..33-

164 445 339 534 componi.
357 445 399 513 ln
415 465 485 533 qua
499 443 683 512 collatione
697 443 746 510 vis
762 443 811 510 illi
832 445 942 534 magis
960 467 1066 536 quam
1079 447 1217 535 poetica

164 561 282 630 inesse
307 561 509 639 videbatur;
531 580 685 649 namque
701 580 810 650 quum
825 561 895 628 sint
919 562 1037 631 omnia
1058 563 1215 651 ejusdem

166 678 377 768 exemplaris
389 678 434 747 ad
449 677 713 746 similitudinem
730 697 909 766 expressa,
926 679 1042 747 omnia
1060 680 1154 748 inter
1177 700 1216 748 se

166 793 318 881 quodam
331 792 469 862 viuculo
483 792 650 882 coniungi
663 810 811 859 necesse
827 797 892 859 est.
904 791 1218 860 Imitanturomnia

83 963 87 978 .
166 913 442 982 mundumterra
454 918 670 997 concretum,
687 911 747 1001 qui
762 911 933 979 mundum
947 912 1125 980 coelestem
1142 913 1218 1002 ipse

166 1033 337 1120 imitatur;
354 1039 388 1102 at
405 1033 463 1101 hic
478 1053 654 1101 summam
672 1033 794 1101 Ideam
818 1038 989 1120 quantum
1004 1038 1120 1122 potest
1137 1033 1219 1100 red-

169 1161 229 1229 dit.
247 1161 338 1250 Ergo
350 1161 467 1229 omnia
480 1161 547 1228 hac
571 1166 671 1249 parte
686 1161 796 1249 paria,
808 1180 878 1248 qua
887 1180 1092 1249 supremum
1104 1180 1221 1228 exem·

168 1284 246 1373 plar
260 1283 419 1363 cominus
435 1283 617 1351 eminusve
638 1282 807 1350 referunt.
824 1281 1020 1350 Fatendum
1042 1282 1185 1370 quidem
1200 1301 1221 1349 a
1254 1295 1257 1298 ’

169 1399 315 1468 Platone
340 1398 500 1467 ordinem
524 1419 646 1466 rerum
668 1419 740 1466 non
765 1397 873 1466 fuisse
890 1396 1057 1486 praeclare
1087 1394 1221 1484 signifi-

171 1524 299 1602 catum,
320 1517 369 1584 ita
380 1520 419 1584 ut
434 1517 518 1585 satis
530 1517 719 1584 doceamur
729 1516 857 1605 quibus
870 1515 1060 1584 intervallis
1074 1536 1132 1583 res
1147 1513 1221 1582 col·

169 1633 247 1704 latae
273 1635 414 1702 distent.
437 1632 634 1701 Fatendum
659 1634 702 1703 ab
728 1654 770 1702 eo
791 1653 973 1722 nunquam
990 1637 1221 1701 monstratum

171 1769 335 1838 quaenam
349 1748 438 1817 soret
455 1749 549 1816 iuter
574 1749 755 1817 hominem
771 1769 812 1819 ac
833 1750 1008 1818 civitatem
1023 1751 1077 1817 via
1091 1770 1160 1839 qua
1179 1749 1222 1816 ab

170 1886 241 1934 uno
264 1864 309 1932 ad
330 1864 475 1932 alteram
499 1865 676 1953 possimus
697 1866 876 1953 explorate
897 1866 1059 1932 transire.
1086 1863 1224 1932 Nihilo·

172 1982 290 2050 minus
323 1999 395 2048 una
428 1984 532 2069 atque
566 1979 690 2048 eadem
722 1979 802 2047 idea
836 1986 983 2066 utraque
1010 1999 1068 2046 res
1096 1980 1140 2048 ab
1165 1980 1225 2048 illo

173 2097 321 2181 inclusa,
338 2095 471 2163 scilicet
492 2094 654 2163 animalis
679 2095 815 2163 ratione
831 2094 980 2182 praediti.
998 2093 1135 2184 Quippe
1150 2096 1225 2163 ani·
1309 2170 1311 2174 ,

173 2215 288 2298 malie,
304 2213 424 2282 civitas
442 2219 546 2301 atque
568 2213 673 2281 homo
688 2233 781 2280 unus
796 2212 922 2279 iisdem
936 2211 1120 2280 elementis
1145 2233 1225 2280 con·

174 2336 266 2399 stant
286 2351 354 2398 neo
370 2330 439 2396 nisi
457 2330 698 2419 magnitudine
720 2329 897 2398 differunt.
922 2329 962 2397 Id
980 2328 1118 2397 Platoni
1142 2331 1226 2398 satis

175 2448 255 2534 luit;
289 2447 383 2537 quod
414 2447 525 2515 uobis·
544 2468 669 2536 parum
689 2454 753 2516 est.
770 2447 816 2515 At
838 2447 998 2515 doctrina
1010 2447 1227 2536 pedetentim

176 2562 407 2654 progrediens
423 2562 587 2630 universa
608 2564 832 2652 priusquam
852 2564 989 2651 singula
1012 2564 1169 2632 intuetur
1188 2583 1229 2632 ac

175 2677 348 2768 principia
363 2693 483 2745 rerum
497 2677 535 2744 in
548 2698 687 2767 quaque
698 2682 795 2767 parte
814 2679 911 2768 ponit
929 2683 1008 2746 ante
1025 2678 1159 2745 modos.

221 2797 398 2866 Caeterum
418 2796 478 2864 illo
508 2802 666 2886 tempore
693 2817 761 2885 quo
781 2797 880 2864 Plato
907 2797 1046 2865 vivebat
1071 2797 1231 2865 noudum

176 2911 244 2980 hoc
263 2910 357 2999 quod
370 2911 585 2978 recentiores
604 2910 915 3000 deprehenderunt
934 2912 1124 2981 discrimen
1139 2915 1232 2982 inter

180 3030 332 3096 animata
353 3027 615 3116 inanimataque
647 3034 858 3118 apparuerat
872 3029 983 3099 oculis
1011 3028 1075 3118 (l).
1098 3030 1233 3099 Cuncta

179 3144 284 3236 plena
299 3143 373 3212 Diis
385 3144 491 3233 prisci
503 3144 702 3235 philosophi
718 3145 977 3215 aestimaverant
994 3166 1092 3231 esse;
1110 3167 1233 3215 rursus

179 3260 360 3328 novissimi
368 3266 495 3328 cuncta
503 3262 1001 3353 animabusplenacensebant
1015 3262 1080 3352 (2).
1095 3263 1235 3333 Scilicet

181 3378 247 3448 hoc
259 3379 419 3447 nondum
434 3381 771 3450 animadverterant:
791 3403 870 3450 esse
884 3384 923 3450 in
937 3382 1064 3450 Animo
1079 3381 1235 3450 humano

181 3494 250 3562 11111
272 3495 461 3591 quamdam
491 3508 685 3586 quae‘eum
706 3498 744 3565 in
767 3506 885 3587 partes
911 3498 1024 3566 scindi
1047 3504 1152 3584 vetet,
1177 3507 1236 3567 aut

183 3614 309 3683 saltem
326 3616 484 3683 noudum
506 3616 685 3703 proprium
701 3615 785 3684 huic
810 3616 965 3685 facultati
985 3637 1117 3685 nomen
1136 3618 1236 3687 adhi-

181 3729 341 3812 buerant,
367 3750 435 3798 nec
463 3736 635 3797 noverant
658 3729 850 3797 individua
879 3728 942 3816 (3).
969 3728 1084 3798 Omne
1107 3732 1235 3798 animal

215 3938 302 4002 (1)(11.
323 3940 348 3988 in
370 3940 461 3990 Ttrnoeo
476 3939 593 4004 eorporis
611 3938 721 3988 viventis
737 3939 870 3991 lubricam.
888 3968 919 3978 —
932 3941 967 4005 (Ξ)
985 3943 1019 3990 De
1035 3941 1129 4004 Lepid,
1144 3946 1199 4004 899,
1212 3941 1235 3989 t.

184 4041 212 4053 —
229 4017 263 4081 (8)
276 4017 314 4068 (ll.
327 4018 450 4080 Fouillde,
465 4017 502 4067 lea
515 4018 586 4066 ldles
598 4018 628 4066 de
640 4017 739 4080 Platon,
751 4018 803 4067 vol.
821 4019 840 4081 l,
853 4034 879 4082 p.
892 4023 946 4068 132.
1120 4084 1140 4140 3
