2782 4576
614 331 771 392 ..59-

163 470 342 560 principes
359 468 477 557 culpet
496 465 561 556 (1).
579 489 596 534 n
613 466 690 548 Quo
708 472 825 534 autern
849 468 995 535 consilio
1010 473 1123 535 sortes
1141 465 1220 535 illas

164 585 387 674 magistratus
395 581 617 650 miscebunt?
627 581 694 649 Hic
703 580 1024 649 videmusdivinum
1035 581 1221 651 Platonem

163 720 332 789 pecorum
346 699 416 767 ritu
433 697 587 766 humana
600 697 976 787 corporajungentem.
989 696 1168 787 Quidquid
1182 698 1221 765 in

164 815 488 885 recentissimorum
505 813 672 882 doctrinis
688 814 926 881 maximecum
938 813 1095 881 humana
1109 813 1222 904 digni·

163 937 234 1000 tate
258 951 417 1022 pugnare
442 931 652 998 aestimatum
677 935 745 1016 est,
773 928 842 998 hoc
865 935 1082 997 nosternon
1105 929 1220 997 dicam

163 1047 335 1137 permittit
362 1045 457 1114 velut
481 1050 616 1114 naturae
639 1045 778 1133 jubenti
802 1045 958 1128 obvium,
983 1045 1047 1113 sed
1070 1044 1179 1114 veluti
1203 1065 1223 1113 a

166 1164 301 1232 ratione
313 1164 452 1252 jussum
466 1163 626 1254 imponit.
645 1162 821 1232 «Constat
834 1164 956 1252 utique
970 1162 1066 1252 quod
1079 1164 1222 1254 nuptias

164 1280 333 1369 deinceps
347 1279 463 1370 quoad
476 1279 552 1347 fieri
567 1284 683 1368 potest
696 1299 814 1348 sacras
829 1279 1067 1348 instituemus.
1089 1279 1219 1347 Essent

165 1402 400 1465 autemsacrae
410 1415 490 1486 quae
500 1394 1219 1484 utilissima.—Summopere.-Quonam

165 1520 268 1602 pacto
276 1513 469 1581 utilissimae
482 1513 655 1581 erunt‘t...
666 1512 777 1580 Video
788 1512 952 1601 equidem
962 1514 1031 1581 tuis
1039 1514 1077 1580 in
1085 1514 1222 1583 aedibus

166 1635 202 1696 et
228 1629 427 1697 venatorios
461 1648 568 1696 canes
599 1633 634 1695 et
661 1649 852 1718 generosos
887 1648 968 1697 aves
1004 1629 1220 1719 frequentes.

166 1743 348 1834 Numquid
360 1745 405 1811 ad
418 1746 567 1812 istorum
581 1744 710 1812 coitum
726 1750 762 1812 et
777 1745 1041 1839 generationem
1062 1745 1222 1834 quando-

166 1882 236 1949 que
247 1860 603 1928 animadvertisti‘i-
617 1860 794 1941 Quorsum
808 1860 921 1928 illudi
934 1899 978 1910 —
992 1860 1152 1929 Primum
1165 1862 1224 1929 in-

165 1983 221 2045 ter
247 1977 312 2044 hos
335 1977 444 2066 ipsoS‚
476 1977 558 2044 licet
583 1996 787 2064 generosos,
817 1997 937 2045 nonne
962 1982 1044 2044 sunt
1072 1983 1108 2045 et
1134 1977 1223 2047 fiunt

165 2093 447 2183 praestantissimi
461 2092 617 2181 quidam.
636 2129 680 2141 —
694 2091 797 2160 Sunt.
814 2129 856 2141 -
872 2092 999 2160 Utrum
1016 2113 1059 2161 ex
1074 2094 1222 2183 quibus-

166 2230 318 2300 cumque
333 2229 434 2298 aeque
453 2209 529 2277 fieri
544 2208 808 2298 generationem
826 2209 1030 2298 permittist
1046 2211 1102 2278 An
1118 2230 1221 2278 curas

165 2328 282 2415 potius
297 2333 335 2395 ut
349 2347 392 2394 ex
407 2326 548 2414 optimis
559 2323 773 2414 generetur‘t
784 2363 828 2373 -
839 2325 892 2392 Ex
903 2326 1056 2414 optimis.
1070 2365 1115 2376 -
1126 2327 1222 2396 Num

167 2463 210 2509 ex
238 2443 439 2511 tenerrimis
465 2441 676 2531 quibusdam
700 2459 746 2506 an
768 2440 867 2508 senio
887 2441 1083 2509 consectis?
1106 2443 1161 2509 An
1184 2443 1223 2509 in

61 2567 64 2570 ’
170 2559 280 2626 aetatis
293 2558 380 2626 flore
390 2558 507 2647 potius
518 2556 862 2625 constitutis‘i-Ex
873 2557 929 2624 his
943 2557 1029 2645 ipsis
1042 2558 1223 2645 potius.-

167 2673 218 2742 Ac
241 2675 310 2743 nisi
329 2674 427 2742 hunc
446 2674 483 2740 in
507 2672 653 2740 modum
677 2673 858 2762 generatio
882 2672 1089 2760 deducatur,
1117 2674 1222 2764 longe

48 2783 53 2788 ’
168 2788 322 2888 deterius
346 2790 422 2857 fore
448 2808 576 2856 eanum
604 2793 640 2856 et
667 2788 783 2855 avium
811 2808 924 2877 genus
953 2789 1161 2858 existimas?
1179 2828 1224 2840 -—

167 2905 352 2994 Equidem.
379 2943 423 2954 -
450 2905 558 2973 Putas
584 2904 623 2971 in
651 2903 751 2992 equis
779 2903 987 2993 caeterisque
1012 2905 1224 2976 animalibus

166 3021 267 3090 aliter
282 3021 450 3090 eveniret
464 3057 507 3071 -
520 3018 721 3088 Absurdum
737 3018 774 3086 id
789 3025 895 3087 esset.
912 3059 956 3069 -
972 3021 1096 3109 Papae!
1114 3022 1221 3109 odul-

167 3138 217 3205 cis
236 3137 365 3205 amice!
387 3156 494 3226 quam
518 3135 782 3226 perspicacibus
808 3154 850 3203 ac
872 3137 1023 3204 summis
1043 3137 1224 3207 nobisest

167 3273 256 3341 opus
271 3252 503 3343 principibuS,
520 3251 693 3340 siquidem
711 3252 749 3319 in
769 3252 952 3320 hominum
973 3271 1104 3342 genere
1121 3253 1221 3320 simi-

166 3367 246 3437 liter
263 3385 373 3437 seres
399 3367 571 3436 habeti...
596 3367 743 3457 Oportet
766 3369 935 3457 profecto,
962 3369 1158 3438 secundum
1181 3389 1225 3438 ea

166 3506 247 3577 quae
261 3506 376 3575 nuper
395 3485 646 3569 concessimus,
670 3487 821 3575 optimos
841 3488 934 3556 viros
956 3488 1036 3577 (per
1058 3487 1219 3556 fraudem

166 3603 433 3694 magistratuum
451 3602 653 3689 honestam)
668 3603 875 3672 mulieribus
890 3604 1031 3694 optimis
1052 3610 1091 3672 ut
1110 3604 1221 3694 pluri·

164 3739 264 3788 mum
278 3717 457 3809 congredi,
469 3717 678 3788 deterrimos
689 3725 806 3788 autem
823 3726 946 3790 contra
958 3721 1169 3790 deterrimis.
1180 3719 1223 3790 Et

200 3978 235 4040 (1)
251 3978 286 4028 De
299 3978 368 4042 Repu,
382 3981 437 4043 tto,
452 3993 477 4027 a.
