2782 4576
621 322 661 336 ..
680 287 701 349 3
723 321 760 336 -

162 428 261 498 Plato
271 426 441 497 adhibuit.
461 425 539 495 Duo
550 370 814 517 mundinandi:
832 442 925 492 unus
941 422 992 490 De
1006 420 1216 508 Republica,

163 546 250 615 alter
268 544 320 614 De
341 541 491 634 Legibus
502 565 514 627 ;
536 562 625 632 quos
639 542 775 630 saepius
795 540 889 609 iuter
912 560 950 607 se
973 537 1126 627 graviter
1144 535 1217 604 dis·

163 681 308 752 crepare
324 659 435 729 critici
447 659 727 743 aestimaverunt3
744 658 846 726 itaut
867 655 1015 724 alterum
1030 653 1086 721 vix
1100 651 1217 720 Plato·

28 784 30 789 ’
164 780 284 848 uicum
294 775 537 866 Judicaverint.
552 773 654 842 Hauc
668 772 891 858 discordiam,
907 769 1067 860 plurimis
1080 768 1118 837 in
1131 767 1219 837 locis

135 944 140 953 -
164 900 356 986 patentem,
373 913 478 962 nemo
495 910 602 960 sanus
616 895 738 980 neget3
760 888 823 957 sed
838 891 968 957 attente
982 906 1040 956 res
1053 883 1217 954 conside-

165 1009 257 1078 ranti
271 1006 453 1098 apparebit
473 1004 656 1074 Platonem
675 1003 817 1072 omnino
834 1001 1012 1071 conscium
1027 999 1219 1068 sententias

165 1125 202 1193 in
222 1125 331 1214 priori
358 1143 465 1213 opere
493 1121 582 1191 latas
605 1121 643 1189 in
664 1119 772 1189 altero
796 1118 999 1205 mutavisse,
1024 1116 1119 1206 quod
1143 1116 1220 1206 ipse

166 1243 312 1309 testatur
331 1243 435 1329 atque
451 1236 507 1305 his
518 1236 638 1306 verbis
649 1235 799 1326 explicat
814 1256 822 1303 ι
837 1256 854 1302 «
871 1235 980 1303 Recte
996 1252 1081 1301 sane
1096 1235 1219 1322 agetur
1349 1307 1352 1313 ¹

167 1355 198 1423 si
216 1355 346 1445 optima
368 1352 567 1442 respublica
586 1358 619 1422 et
640 1351 796 1421 secunda
815 1356 850 1420 et
870 1350 973 1419 tertia
990 1353 1217 1440 proponatur,

166 1470 337 1561 deturque
359 1470 454 1559 optio
481 1468 607 1559 cuique
629 1468 797 1537 arbitratu
821 1487 884 1536 suo
910 1465 1102 1556 quamlibet
1125 1464 1219 1534 elec-

164 1585 629 1677 turo...:quarereipublicae
641 1584 893 1675 exemplarnos
904 1582 986 1652 alibi
997 1583 1219 1654 considerare

165 1706 314 1794 oportet,
332 1701 398 1771 sed
415 1701 482 1770 hac
504 1703 676 1792 inspecta,
699 1700 805 1771 talem
828 1703 981 1771 maxime
1000 1720 1064 1792 pro
1087 1699 1219 1769 viribus

165 1834 336 1906 quaerere.
359 1811 407 1884 Ea
420 1835 504 1884 vero
520 1835 625 1906 quam
644 1814 703 1884 hic
717 1815 769 1904 (id
783 1820 837 1886 est
849 1815 888 1884 iu
901 1814 1035 1905 dialogo
1050 1814 1102 1884 De
1116 1812 1218 1904 Legi·

165 1929 245 2020 bus)
260 1949 327 1998 nos
340 1948 463 1999 sumus
476 1930 645 2021 aggressi,
661 1931 691 1999 si
700 1929 771 2018 siat,
785 1930 944 2020 proxime
960 1928 1218 2020 quodammodo

165 2045 209 2115 ad
227 2043 524 2115 immortalitatem
547 2046 703 2130 accedet,
729 2067 770 2116 ac
794 2047 824 2115 si
849 2067 920 2115 non
945 2047 1072 2136 primo,
1095 2046 1219 2115 saltem

166 2161 319 2233 secundo
331 2161 409 2232 loco
422 2163 500 2233 erit.
513 2163 583 2234 Sed
596 2163 639 2233 de
651 2163 752 2232 tertia
763 2168 897 2254 postea,
911 2162 1217 2250 sivolueritDeuS,

166 2268 479 2357 determinabimus
491 2277 555 2369 (l).
576 2277 687 2360 »Quo
701 2283 803 2368 pacto
823 2278 922 2347 Plato
945 2279 1076 2368 optime
1099 2300 1219 2350 secum
1264 2286 1270 2360 fl

164 2394 292 2485 ipsein
308 2393 504 2465 differentia
520 2414 666 2465 concors
682 2394 807 2463 evadit.
823 2396 913 2465 Atsi
931 2395 1017 2465 velis
1032 2396 1185 2487 primum
1199 2417 1219 2465 e
1265 2415 1268 2419 ·

164 2510 277 2578 tribus
305 2510 482 2601 dialogum
508 2511 569 2600 qui
590 2509 776 2600 Ponticus,
803 2511 876 2580 sive
900 2512 952 2582 De
973 2512 1065 2602 Repe
1090 2512 1218 2582 inscri-
1271 2559 1272 2562 ,

164 2621 259 2691 bitur
297 2621 335 2692 in
371 2625 542 2694 memoria
575 2629 718 2714 tenere,
758 2626 931 2696 rationem
974 2645 1114 2696 omnem
1150 2650 1219 2720 qua

165 2739 273 2807 utitur
298 2738 398 2809 Plato
432 2746 536 2831 atque
564 2741 692 2811 horum
728 2763 875 2834 operum
903 2763 1089 2815 commune
1121 2749 1221 2837 quasi
1266 2784 1269 2788 ·

165 2853 347 2923 vinculum
360 2854 549 2947 intelliges.
568 2857 705 2948 Nempe
729 2858 791 2950 ibi,
810 2879 920 2948 quum
937 2859 1105 2949 optimam
1124 2882 1219 2932 rem-

165 2970 341 3060 publicam
358 2972 530 3062 exposuit,
549 2974 587 3043 in
606 2994 675 3064 qua
692 2975 787 3066 regis
808 2975 969 3046 voluntas
987 2983 1055 3047 stet
1076 2997 1139 3068 pro
1165 2978 1218 3048 le-

166 3085 281 3176 gibus,
302 3086 397 3157 addit
416 3089 628 3178 multiplices
643 3091 787 3182 quidem
805 3110 884 3165 esse
900 3094 1030 3183 pejoris
1049 3096 1219 3188 reipubli-

167 3221 218 3272 cae
233 3199 375 3290 formas,
394 3205 458 3274 sed
481 3207 645 3277 omnibus
668 3208 765 3300 leges
789 3198 930 3301 optimae
953 3213 1099 3283 civitatis
1115 3214 1219 3306 longo

165 3315 222 3386 vel
244 3317 426 3387 intervallo
455 3319 676 3409 imitandum,
709 3323 739 3392 si
768 3324 877 3395 velint
907 3325 1013 3397 salvae
1045 3348 1124 3399 esse
1153 3329 1216 3421 (2).

165 3432 272 3524 Atqui
292 3434 452 3507 Imitatio
476 3459 644 3530 magnum
662 3438 700 3508 in
723 3439 944 3532 philosophia
965 3444 1120 3516 Platonis
1141 3469 1218 3517 mo-

166 3556 325 3620 mentum
343 3551 460 3624 habet.
478 3554 614 3624 Ibidem
632 3554 725 3625 enim
739 3557 900 3628 videmus
916 3561 1046 3651 optime
1066 3561 1217 3655 aliquem

98 3744 100 3747 ,
166 3665 366 3738 ratiocinari
379 3669 411 3738 si
430 3690 540 3760 quum
556 3671 599 3741 de
615 3691 654 3742 re
670 3671 801 3744 difficili
820 3675 945 3766 agitur,
955 3678 1121 3749 eamdem
1142 3701 1217 3750 rem

71 3927 73 3933 Ι
197 3861 231 3926 (1)
247 3859 451 3915 Translationem
467 3863 574 3916 Manilii
589 3866 669 3918 licini
687 3871 839 3921 mutuamur
852 3869 931 3935 (edit.
945 3872 1027 3924 lehun
1043 3875 1117 3942 Petit,
1133 3878 1219 3940 16³³).

166 3936 260 3989 Confer
275 3937 308 3990 ed
322 3939 440 3992 Graecum
455 3940 609 4008 exemplar,
623 3958 651 4009 p.
664 3947 719 4010 739,
732 3959 758 4005 o,
776 3950 801 3997 et
815 3948 870 4012 llo,
881 3960 906 3998 o.
924 3975 954 3988 -
972 3949 1007 4015 (a)
1024 3953 1085 4002 ¹97.
1205 3955 1209 3960 ’
