2782 4576
679 311 835 374 ..30-

228 449 366 537 mundi)
380 467 444 538 per
457 466 600 515 omnem
611 452 743 516 terram
752 448 860 517 urbes
872 448 1001 518 multas
1018 450 1175 520 conditas
1190 452 1286 521 arhi-

225 575 359 638 tramur
378 571 482 654 atque
499 565 706 654 destructas,
722 569 757 634 et
773 565 910 635 diversa
925 568 1148 656 praecessisse
1162 569 1281 639 homi-

226 705 312 755 num
338 683 464 770 studia,
490 683 617 773 partim
644 702 724 752 cum
751 683 892 773 ordine,
916 685 1044 773 partim
1074 686 1180 755 etiarn
1207 686 1285 754 sine

229 799 351 868 ordine
368 798 445 890 (υἱ)
462 819 479 865 >)
494 797 666 867 Crescunt
681 818 763 885 ergo
783 804 887 888 atque
904 799 1108 871 adolescunt
1122 802 1287 890 periturae
1348 781 1350 785 Α

229 915 385 984 civitates
401 932 474 982 non
491 914 591 982 aliter
605 918 708 1005 atque
727 916 882 986 humana
897 917 1071 987 animalia.
1086 919 1162 988 Hoc
1175 939 1288 989 unum

228 1037 263 1102 et
276 1029 372 1100 idern
391 1034 446 1098 est
467 1033 571 1119 atque
585 1029 685 1098 illud.

271 1146 346 1214 Imo
368 1150 487 1234 partes
507 1147 620 1215 utrius
646 1146 805 1217 animalis
828 1149 883 1217 vel
912 1149 1104 1220 exteriores
1129 1149 1223 1220 inter
1248 1171 1287 1220 se

227 1263 354 1332 miram
372 1261 636 1332 similitudinem
658 1264 828 1353 praebent.
851 1264 955 1334 Velut
978 1266 1073 1335 enim
1092 1266 1130 1336 in
1145 1287 1286 1357 quoque

228 1385 387 1448 nostrum
420 1383 492 1448 tres
527 1385 646 1469 partes
678 1381 817 1448 animus
848 1380 1090 1471 complectitur
1118 1381 1287 1472 dignitate

228 1493 435 1582 dissimiles,
463 1494 514 1563 sic
542 1516 691 1585 quaeque
726 1495 847 1564 civitas
874 1495 987 1565 trihus
1017 1496 1175 1586 pertibus
1204 1517 1287 1567 con-

228 1618 313 1702 stat,
345 1614 470 1683 ecdem
495 1613 632 1683 ratione
661 1613 754 1681 inter
781 1633 820 1682 se
850 1614 1101 1703 discrepantes.
1129 1613 1286 1696 Quarum

227 1728 421 1798 humillima
440 1731 478 1798 in
502 1733 651 1817 utroque
677 1727 819 1796 animali
844 1729 1073 1820 cupiditatum
1097 1731 1149 1799 vis
1173 1736 1286 1799 extre-

229 1866 325 1913 mum
347 1844 464 1914 locum
483 1844 636 1929 obtinet;
664 1844 770 1913 sortes
787 1863 828 1912 ac
848 1845 953 1913 validi
976 1845 1119 1934 spiritus
1137 1844 1287 1934 insuper

229 1968 341 2048 stant3
365 1961 492 2052 quihus
515 1961 666 2049 imperat
688 1961 787 2029 Mens
806 1960 870 2050 (2).
893 1962 938 2030 At
955 1961 1065 2029 menti
1086 1961 1285 2030 asensibus

229 2076 463 2163 ministratur,
496 2075 556 2166 qui
582 2073 690 2160 oculi,
723 2094 826 2143 aures
853 2080 956 2163 atque
981 2074 1057 2142 aliis
1083 2073 1286 2143 nominibus

226 2193 262 2260 in
287 2190 431 2259 homine
455 2210 526 2258 uno
554 2196 735 2277 vocantur,
760 2189 797 2257 in
820 2190 958 2258 civitate
981 2197 1098 2259 autem
1118 2191 1283 2280 juventus

227 2307 450 2398 speculatrix.
472 2305 584 2388 «Quo
605 2312 707 2395 pacto
729 2307 944 2396 prudentum
959 2308 1064 2398 capiti
1080 2313 1184 2396 atque
1205 2327 1284 2375 sen-

228 2425 325 2494 sibus
355 2423 478 2493 similis
508 2424 628 2492 civitas
657 2430 777 2492 nostra
806 2429 950 2513 propter
972 2423 1175 2513 hujusmodi
1207 2444 1284 2492 cus·

226 2537 355 2608 todiam
373 2539 510 2609 natt-
524 2538 601 2621 Quo
619 2544 721 2628 pacto
740 2539 833 2606 hanc
846 2559 890 2628 ,o
911 2539 1060 2629 hospes,
1084 2539 1283 2607 similitudi-

225 2676 309 2726 nem
333 2656 524 2724 saciemus‘l
542 2693 587 2705 -
606 2655 708 2723 Patet
729 2656 811 2745 quia
835 2655 955 2724 civitas
981 2655 1102 2744 capitis
1124 2655 1282 2744 quaedam

225 2774 398 2862 capacitas
415 2773 492 2860 erit,
511 2772 674 2841 custodes
691 2781 809 2840 autem
824 2773 982 2860 juniores
1005 2791 1148 2861 sagaces
1168 2771 1280 2839 soler-

223 2899 346 2983 tesque
366 2910 531 2980 supremo
546 2891 584 2958 in
599 2891 729 2959 vertice
745 2890 1023 2959 collocabuntur.
1041 2890 1142 2959 Unde
1157 2891 1282 2959 urbem

225 3013 333 3077 totam
360 3005 663 3095 circumspicient,
693 3011 729 3074 et
757 3005 987 3075 custodiendo
1012 3027 1089 3096 quae
1125 3006 1283 3074 sentiunt

225 3123 403 3194 memorie
431 3121 753 3210 commendabunt,
775 3122 963 3210 omniaque
984 3121 1182 3190 senioribus
1196 3142 1283 3195 nun.

225 3243 373 3328 tiabunt,
407 3240 468 3330 qui
491 3239 620 3307 mentis
657 3239 701 3306 ob
732 3258 852 3306 rerum
878 3238 1135 3327 permultorum
1161 3239 1283 3328 cogni-

226 3361 356 3430 tionem
371 3356 582 3447 persimiles,
600 3355 729 3424 ei'vitati
752 3355 949 3438 consulent,
969 3355 1141 3443 juvenum
1156 3355 1282 3422 minis-

224 3478 312 3547 terio
340 3477 404 3545 usi·
414 3474 478 3565 (3).
502 3496 518 3543 r
542 3475 703 3564 Denique
730 3481 834 3562 caput
856 3474 1002 3542 civitatis
1024 3473 1283 3563 philosophiam

226 3593 320 3661 docti
340 3591 414 3659 viri
430 3595 613 3679 occupant,
636 3587 822 3679 inquibus
849 3589 951 3657 Mens
974 3589 1051 3678 ipsa
1070 3588 1181 3675 sedet,
1204 3609 1281 3679 quae

225 3709 372 3780 scientia
399 3705 595 3775 divinarum
626 3710 730 3794 atque
763 3702 999 3772 humanarum
1029 3721 1149 3771 rerum
1178 3700 1297 3789 freta,

258 3959 292 4026 (t)
304 3958 389 4024 Lepas,
400 3961 456 4021 tto,
469 3953 597 4019 d;'182‚c.
610 3979 639 3992 -
648 3951 682 4018 (Ξ)
695 3952 732 4004 De
745 3950 866 4017 Rep.,lil›.
875 3952 915 4016 lll,
924 3953 979 4013 tat,
991 3949 1049 4001 h·-
1058 3948 1247 4016 (sitammam,
1256 3949 1283 4000 d.
