2782 4576
610 304 770 366 ..55-

16 448 17 452 ’
75 467 78 470 ·
162 457 283 504 eorum
304 443 339 504 et
353 435 511 526 supellex
524 436 649 503 omnis.
667 435 858 524 Postquam
874 456 956 504 vero
973 437 1117 505 omniuo
1133 458 1218 526 per-

161 551 241 620 lecti
256 551 408 638 luerunt,
425 556 519 620 terra
531 551 608 640 ipsa
627 556 665 619 ut
678 556 791 619 mater
804 551 935 620 eduxit.
953 551 997 620 Et
1017 573 1113 621 nune
1132 553 1216 643 qui-

90 668 93 671 ’
162 667 242 735 dem
258 673 423 758 tanquam
442 667 544 735 matri
557 673 592 735 et
606 667 735 736 nutrici
749 667 887 757 regioni
900 668 984 735 huic
1000 668 1037 735 in
1050 689 1119 757 qua
1134 675 1221 738 sunt

162 783 346 852 consulere
364 784 505 869 debent,
525 788 628 871 atque
643 803 863 865 succurrere,
883 784 912 850 si
929 785 1008 872 quis
1024 805 1101 852 cam
1115 785 1218 853 inva-

164 899 271 986 derit,
309 899 423 989 deque
456 899 591 966 caeteris
621 899 755 968 civibus
782 905 950 988 tanquam
977 899 1020 968 de
1054 899 1222 969 fratribus

162 1020 254 1082 terra
270 1015 396 1105 genitis
411 1015 605 1105 cogitare...
620 1013 714 1083 Estis
729 1015 850 1104 utique
873 1035 996 1083 omnes
1015 1015 1053 1082 in
1076 1016 1218 1084 civitate

164 1150 316 1220 anquam
345 1129 469 1198 tratres
493 1129 590 1218 (4)...
618 1152 636 1196 i>
661 1130 798 1198 Rursus
822 1130 859 1198 in
890 1129 1040 1220 Lepibus
1060 1151 1071 1197 .·
1092 1151 1109 1198 a
1138 1131 1219 1200 Hae

156 1251 293 1331 mente,
308 1245 423 1334 inquit
436 1246 570 1335 (agros)
589 1246 638 1314 ita
657 1245 869 1336 distribuant
886 1252 925 1314 ut
945 1251 1070 1334 putent
1090 1246 1221 1335 singuli

163 1367 293 1430 sortem
306 1381 407 1429 suam
422 1361 485 1429 toti
500 1362 629 1431 civitati
640 1382 717 1430 esse
733 1382 966 1458 communem.
982 1362 1119 1451 Quippe
1134 1382 1216 1431 curn

164 1497 205 1545 ea
220 1477 316 1567 regio
331 1478 444 1566 patria
464 1478 521 1566 sit,
537 1478 652 1568 magis
666 1497 744 1545 eam
760 1477 874 1545 colere
890 1476 1021 1546 debent
1039 1498 1144 1567 quam
1161 1477 1224 1546 filii

162 1598 322 1662 matrem.
340 1593 426 1662 Haec
448 1594 544 1662 enim
568 1613 648 1662 cum
671 1593 746 1661 Dea
772 1598 837 1675 est,
858 1592 999 1661 domina
1021 1593 1224 1662 mortalium

163 1714 228 1778 est.
251 1708 350 1776 Idem
370 1729 510 1798 quoque
528 1708 572 1776 de
592 1708 769 1798 indigenis
789 1692 860 1776 tam
881 1708 947 1776 diis
970 1727 1076 1798 quarn
1095 1708 1227 1778 daemo-

164 1825 269 1894 nibus
280 1829 333 1893 est
349 1824 568 1893 censendum
578 1824 642 1914 (2).
664 1847 680 1892 >i
695 1824 780 1892 Inde
797 1844 966 1892 numerus
979 1824 1106 1892 civium
1119 1845 1226 1913 quem

167 1940 262 2009 abire
288 1940 326 2008 in
350 1940 527 2009 infinitum
549 1940 713 2030 sophistae
739 1940 914 2028 sinebant,
946 1941 1017 2008 imo
1043 1941 1226 2029 optabant,

165 2056 300 2127 Platoni
314 2055 432 2153 finitus
455 2077 462 2122 :
481 2057 735 2146 circumscripti
751 2056 854 2123 simul
874 2055 979 2140 fines3
997 2055 1227 2145 nequeenim

168 2176 311 2260 possent
321 2192 486 2260 magnam
496 2172 567 2240 vim
584 2172 711 2240 civium
726 2172 841 2262 exigui
852 2171 940 2240 fines
951 2191 1090 2260 capere,
1105 2192 1222 2260 neque

169 2287 273 2355 nimis
285 2288 389 2376 pauci
399 2288 492 2355 cives
505 2288 574 2357 late
585 2289 805 2356 continuatos
816 2288 904 2355 fines
913 2287 1112 2356 defendere.
1126 2288 1228 2356 Patet

171 2409 287 2471 autern
303 2403 367 2470 hos
387 2403 478 2471 fines
498 2424 539 2471 eo
559 2402 732 2471 difficilius
753 2402 894 2470 delendi
916 2423 984 2492 quo
1004 2402 1142 2470 finitimi
1160 2422 1226 2492 po·-

171 2517 244 2606 puli
259 2518 475 2606 potentiores
489 2525 549 2587 aut
563 2518 801 2588 bellicosiores
814 2518 921 2586 futuri
933 2520 1014 2587 sint.
1029 2519 1126 2587 Nihil
1144 2538 1228 2608 ergo

172 2640 253 2702 ante
274 2654 348 2701 rem
373 2639 489 2723 potest
508 2633 638 2702 dehoc
659 2634 735 2723 lege
756 2633 896 2701 sanciri.
918 2634 1091 2715 «Quanta
1111 2640 1229 2703 autem

173 2749 358 2818 multitudo
373 2749 550 2818 sufficiens
568 2749 624 2836 sit,
642 2769 713 2817 non
734 2748 835 2816 aliter
849 2754 944 2817 recte
958 2748 1103 2816 discitur
1122 2768 1227 2838 quarn

175 2886 337 2956 agrorum
353 2866 618 2954 vicinarumque
634 2865 813 2933 civitatum
833 2863 1030 2932 collatione.
1048 2863 1142 2952 Ager
1156 2863 1231 2953 qui-

176 2982 255 3050 dem
277 2986 396 3050 tantus
422 2981 465 3049 sit
489 2987 529 3050 ut
551 2986 602 3049 tot
621 2980 810 3050 moderatis
837 2981 1040 3050 hominibus
1067 2979 1227 3065 sufficiat,

176 3118 291 3187 neque
307 3097 431 3186 majori
446 3117 547 3187 opus
563 3098 628 3165 Tot
640 3117 723 3165 vero
738 3117 815 3165 esse
832 3097 962 3166 debent
972 3102 1011 3164 ut
1024 3096 1232 3184 injuriantes

177 3213 311 3283 vicinos
326 3213 462 3303 possint
482 3212 658 3303 depellere
675 3219 710 3281 et
726 3213 889 3301 injuriam
907 3213 1121 3301 patientibus
1131 3211 1232 3280 auxi·

176 3331 254 3400 liari
269 3331 333 3420 (3).
353 3353 429 3398 a-
446 3351 463 3397 a
485 3330 529 3398 Et
550 3335 724 3419 quatenus
745 3329 864 3398 civitas
881 3329 928 3396 ita
947 3333 986 3397 ut
1004 3348 1118 3416 nuper
1138 3327 1232 3395 ordi-

178 3453 259 3515 nata
276 3453 341 3531 est,
359 3451 554 3535 temperata
573 3445 710 3528 existet,
724 3445 876 3512 maxima
887 3445 963 3513 erit.
976 3445 1056 3512 Non
1066 3443 1230 3532 opinione

178 3563 334 3652 inquam,
361 3563 424 3631 sed
452 3582 575 3631 revera
603 3561 791 3628 maximam
822 3560 910 3643 lore,
942 3560 1046 3627 etiam
1076 3559 1106 3627 si
1138 3559 1233 3627 mille

181 3678 349 3748 duntaxat
374 3676 693 3768 propugnatoribus
714 3681 861 3744 constet.
883 3675 935 3743 Ita
955 3675 1050 3744 enim
1069 3693 1234 3765 magnam

214 3945 246 4008 (l)
265 3945 298 3994 lie
309 3945 378 4009 dep,
392 3948 448 4010 tlt,
460 3944 486 3995 d.
501 3971 531 3982 -
544 3944 577 4008 (a)
594 3945 629 3994 De
639 3941 755 4008 Lepidus,
770 3946 825 4005 rto,
837 3956 861 3992 a.
872 3969 903 3978 -
916 3941 950 4006 (t)
963 3941 1013 4006 td,
1033 3945 1086 4006 737,
1099 3941 1125 3989 d.
