2782 4576
584 377 742 436 ..13-

136 507 279 596 quidem
290 507 431 575 videtur
439 506 539 575 Plato
553 514 626 575 tres
641 514 778 577 tantum
791 509 949 577 civitates
960 529 1115 598 ponere3
1131 512 1196 580 sed

27 701 30 707 ,
135 643 242 713 quam
259 624 412 714 primam
439 645 459 691 e
486 623 601 692 tribus
618 610 731 711 vocat,
752 631 849 714 patet
871 625 997 693 eodem
1018 626 1095 694 loco
1121 647 1193 695 non

135 739 244 807 luisse
270 739 309 806 in
334 738 532 837 Repudlica
552 740 696 817 omnino
722 760 937 828 expressam.
960 741 1002 808 In
1024 741 1084 809 illa
1100 741 1196 810 enim

136 855 255 922 omnia
278 859 373 940 sunt,
398 854 525 942 inquit,
554 855 706 942 perfecte
728 855 943 923 communia.
973 877 992 922 ((
1018 853 1123 924 Certe
1154 858 1194 925 iu

135 970 203 1037 hoc
221 970 399 1058 praeoipue
422 969 559 1037 virtutis
579 971 645 1037 erit
664 971 850 1057 terminus,
876 990 945 1060 quo
969 969 1088 1039 nullus
1107 971 1194 1061 poni

136 1084 268 1153 rectior
292 1084 435 1174 poterit,
460 1086 490 1151 si
518 1084 647 1152 alicubi
672 1084 836 1153 videlicet
854 1091 914 1153 ant
941 1087 987 1153 sit
1008 1085 1115 1170 illud,
1139 1092 1200 1156 aut

136 1195 296 1288 unquam
307 1200 368 1268 liet
379 1205 420 1268 ut
434 1220 642 1268 communes
657 1201 825 1269 mulieres
841 1201 924 1283 sint,
939 1221 1147 1270 communes
1163 1207 1199 1270 et

137 1312 258 1399 liberi,
289 1313 487 1381 communis
516 1333 657 1402 quoque
684 1314 799 1381 omnis
823 1314 994 1402 pecunia,
1027 1315 1195 1403 omnique

136 1425 253 1494 studio
266 1425 360 1513 quod
375 1427 557 1514 proprium
569 1426 697 1518 dicitur
715 1426 874 1514 undique
889 1448 909 1495 e
930 1428 1001 1494 vita
1020 1433 1196 1495 remotum

135 1542 223 1610 sit...
240 1541 305 1629 (l).
331 1563 349 1608 a
369 1542 475 1630 Atqui
492 1541 531 1609 in
551 1542 749 1628 Republica
769 1542 800 1608 si
814 1541 982 1610 mulieres
999 1548 1083 1609 sunt
1098 1561 1197 1610 com·

133 1677 273 1744 munes,
288 1657 447 1747 pecunia
461 1657 586 1725 saltem
605 1678 679 1723 non
702 1662 756 1725 est
776 1657 846 1724 nisi
865 1658 957 1725 inter
969 1657 1198 1746 philosophos

135 1779 170 1842 et
185 1773 352 1841 custodes
374 1773 571 1840 communis
589 1794 596 1839 :
614 1772 791 1860 quomodo
813 1771 908 1840 enim
927 1777 1144 1840 mercatores
1164 1778 1200 1841 et

135 1889 280 1977 opifices
290 1908 434 1955 omnem
446 1893 602 1976 quaestus
613 1908 734 1955 curam
745 1887 1198 1977 abjiciant‘lCaeterumnon

135 2003 319 2083 haberent,
342 2003 412 2070 nisi
438 2003 588 2091 proprie
613 2004 685 2070 sint
702 2003 853 2071 fortunae
875 2003 970 2091 apud
991 2003 1081 2087 illos,
1104 2002 1199 2071 unde

140 2118 318 2207 stipendia
339 2117 510 2187 militibus
532 2118 744 2206 praeberent.
766 2119 817 2186 Ac
839 2120 870 2185 si
893 2119 1059 2186 eumdem
1081 2118 1198 2187 locum

137 2239 305 2300 accurate
319 2232 537 2318 consideres
553 2230 690 2301 videbis
702 2252 773 2300 non
790 2233 954 2300 homines
967 2233 1081 2321 magis
1095 2251 1201 2320 quam

139 2347 234 2415 Deos
254 2352 314 2414 aut
333 2346 490 2414 Deorum
507 2353 609 2413 natos
624 2346 716 2414 hanc
731 2346 879 2414 civitatis
891 2347 1084 2434 imaginem
1099 2364 1199 2434 spec

135 2467 224 2530 tare.
250 2483 269 2529 a
293 2461 415 2529 Talem
437 2463 560 2550 utique
586 2462 762 2529 civitatem
781 2461 854 2528 sive
875 2461 933 2528 Dii
954 2459 1096 2541 alicubi,
1121 2460 1195 2528 sire

141 2577 299 2645 Deorum
313 2575 376 2643 filii
393 2596 464 2643 una
479 2575 599 2664 plures
617 2576 789 2662 habitent,
810 2576 859 2643 ita
875 2576 1031 2643 viventes
1049 2595 1199 2663 eamque

138 2697 327 2760 servantes
350 2691 449 2759 omni
465 2697 561 2759 certe
580 2691 702 2759 referti
714 2690 840 2780 gaudio
858 2691 980 2757 vivunt
991 2689 1055 2778 (2).
1074 2689 1201 2778 »Ergo

137 2805 324 2875 confusum
337 2806 375 2873 in
395 2813 516 2874 mente
536 2805 694 2874 Platonis
716 2806 882 2873 manebat
896 2804 1009 2894 qualis
1031 2810 1125 2873 esset
1142 2804 1202 2872 illa

137 2922 253 3009 prima
275 2921 384 2988 trium
405 2921 526 2989 civitas
544 2941 554 3006 ;
575 2941 643 2989 nec
670 2921 847 2989 civitatem
872 2921 910 3009 iu
931 2921 1069 3009 dialogo
1093 2919 1203 3010 priori

138 3035 353 3124 descriptam
388 3056 515 3104 omnes
549 3035 672 3104 modos
698 3036 845 3125 implere
879 3036 1087 3104 aestimabat.
1123 3034 1205 3124 Ipsa

138 3171 237 3220 mera
250 3152 382 3240 imago,
401 3151 564 3240 quamvis
579 3151 697 3219 divino
715 3151 908 3240 exemplari
922 3152 1095 3240 proxima.

184 3266 254 3336 Ubi
266 3265 365 3335 Plato
384 3267 453 3334 hoc
470 3266 651 3356 exemplar
669 3267 772 3334 nobis
792 3266 974 3334 ostendit‘l
988 3266 1065 3334 Hoc
1084 3271 1205 3334 nostra
1327 3313 1337 3331 .

140 3382 317 3450 sententia
356 3380 708 3450 animadvertendum
741 3381 918 3471 dialogum
956 3381 1017 3470 qui
1056 3380 1205 3450 Timoeus

144 3496 348 3565 inscribitur
360 3516 433 3563 nou
441 3496 598 3586 breviter
610 3497 648 3563 in
660 3497 831 3584 prooemio
843 3495 1022 3586 dialogum
1030 3495 1209 3583 Decho·

139 3611 232 3679 blica
247 3610 424 3701 colligere.
448 3611 516 3679 Hic
543 3612 638 3679 euim
657 3611 811 3700 primum
836 3611 1034 3700 praecipuas
1057 3610 1205 3699 hujusce

137 3725 271 3794 fictitiae
293 3726 441 3795 civitatis
470 3724 567 3816 leges
597 3726 766 3795 inductus
796 3727 959 3797 Socrates
994 3746 1206 3797 commemo-

173 3972 208 4036 (ι)
226 3976 285 4035 rao,
298 3987 321 4022 c.
339 3999 370 4010 -
387 3972 423 4037 (a)
440 3976 499 4036 aar,
513 3972 542 4023 α.
