2782 4576
591 338 753 401 ..21-

141 475 235 544 Ideae
246 494 316 564 qua
327 481 494 543 constans
505 480 540 544 et
553 480 624 544 uria
636 481 690 544 est
699 482 848 563 possunt
858 479 1200 570 reddere,etearum

142 596 261 679 partes
275 591 388 680 justas
404 592 557 660 invicem
571 611 612 660 ac
627 592 820 661 concordes
837 614 942 682 quarn
958 599 1111 670 maxime
1123 622 1201 671 esse

143 706 236 795 licet,
251 707 336 774 dum
350 707 454 776 modo
474 728 546 776 non
563 707 668 775 simili
685 706 872 776 dissimiles
888 712 1074 785 rationein
1089 738 1201 786 unum

145 828 280 909 coeant,
302 823 386 891 dum
411 825 480 892 sint
501 825 578 893 aliae
599 823 666 892 alio
690 844 837 892 munere
859 813 1048 898 obstrictae.
1071 832 1115 900 At
1141 826 1201 921 qui

144 935 1199 1029 modusestisteinunumcoeundi‘?Hujusanimansmaohi-

142 1073 188 1121 na
212 1055 367 1142 speciem
381 1061 536 1144 praestat.
561 1055 619 1124 Sic
637 1056 717 1124 vitoe
739 1056 976 1127 instrumenta
995 1062 1197 1130 concinunt.

146 1170 360 1259 Orponicom
374 1172 488 1241 Graeci
503 1178 606 1261 atque
626 1174 695 1261 ipsi
708 1175 927 1243 recentiores
944 1177 1036 1247 hanc
1053 1179 1203 1247 dissimi-

144 1287 229 1356 lium
244 1291 396 1378 partium
412 1290 634 1358 harmoniam
656 1296 795 1358 vocant.
816 1292 908 1381 Ergo
932 1295 1038 1362 vitam
1063 1295 1200 1384 perlec-

145 1412 217 1474 tam
229 1427 270 1475 ac
284 1408 423 1475 beatam
438 1427 517 1496 quae
533 1406 627 1496 apud
645 1407 794 1474 Douma
813 1407 947 1475 mundo
968 1411 1201 1479 essentiarum

144 1523 294 1612 degitur,
318 1523 470 1592 mundus
489 1515 548 1591 hic
569 1524 736 1611 imitatur,
763 1545 803 1592 ac
824 1545 888 1593 suo
909 1525 987 1614 ipse
1007 1547 1105 1596 more
1126 1527 1201 1595 ani·

142 1644 212 1711 mal
228 1649 293 1731 est,
308 1650 479 1734 quantum
495 1644 634 1733 corpori
646 1641 742 1729 licet,
758 1642 955 1733 perlectum
969 1643 1199 1735 beatumque.

142 1759 316 1827 Animalia
334 1765 461 1829 caetera
475 1780 556 1851 quae
566 1759 699 1827 mundo
720 1759 945 1828 continentur
959 1760 1065 1850 hujus
1081 1761 1201 1830 omnia

144 1879 278 1943 naturae
297 1873 334 1941 in
354 1881 492 1964 partem
513 1876 655 1944 veniant
670 1894 819 1943 necesse
840 1880 905 1942 est.
929 1875 980 1942 Ea
1002 1874 1200 1944 conditione

143 1992 226 2061 satis
237 1993 434 2060 constantia
453 1993 530 2082 ipso
550 1975 588 2060 in
610 1997 719 2080 motu,
743 1992 827 2060 satis
849 2011 920 2059 una
933 1992 1011 2081 ipsa
1031 1993 1070 2060 in
1083 1993 1199 2061 varie-

144 2113 214 2176 tate
230 2129 308 2176 esse
319 2114 478 2197 possunt.

187 2226 225 2296 Si
242 2228 286 2296 ad
303 2247 478 2296 summam
492 2226 692 2313 redeamus
709 2225 787 2294 haec
803 2231 856 2294 est
874 2225 1001 2294 arctior
1016 2227 1201 2295 sententiaa

144 2341 326 2432 platonicae
346 2345 458 2413 forma
475 2367 483 2411 :
503 2364 581 2433 quae
605 2350 700 2431 sunt,
723 2343 854 2432 duplici
875 2348 1001 2411 natura
1024 2349 1201 2437 constant,

144 2459 274 2529 Eodem
299 2466 403 2549 atque
425 2459 563 2547 Altero,
588 2461 661 2528 sive
684 2457 976 2528 Dissimilitudine
999 2478 1040 2525 ac
1070 2457 1200 2526 Simili·
1232 2505 1234 2508 ι

145 2575 281 2662 tudine3
298 2576 445 2644 Animus
459 2556 601 2666 semper
611 2581 645 2642 et
659 2574 791 2662 ubique
807 2573 921 2656 idem;
939 2593 1067 2662 corpus
1082 2579 1200 2641 autem

145 2711 320 2780 nusquam
350 2696 385 2758 et
411 2708 594 2779 nunquam
623 2689 690 2756 sibi
714 2687 839 2755 simile.
864 2689 909 2754 At
932 2687 1026 2775 quod
1052 2687 1201 2757 dicimus

147 2826 224 2874 esse
247 2827 297 2873 ex·
322 2806 389 2873 hac
413 2804 545 2894 duplici
568 2809 694 2872 natura
714 2808 944 2891 temperatur,
976 2823 1016 2870 ac
1038 2803 1200 2892 quaedam

146 2923 319 2990 admixtio
342 2922 474 3007 eradit;
500 2919 594 3009 quod
626 2924 744 2988 autern
769 2924 823 2987 est
847 2919 963 2987 animo
993 2925 1028 2987 et
1056 2938 1202 3008 corpore

147 3038 307 3123 mixtum,
325 3033 454 3103 animal
466 3037 545 3124 jure
561 3040 705 3103 vocatur
721 3033 785 3123 (l).

191 3150 292 3232 Quod
326 3155 502 3238 superest,
542 3154 663 3216 auctor
695 3147 800 3235 hujus
833 3147 926 3214 inter
958 3147 1140 3214 materiam
1169 3153 1204 3215 et

146 3268 303 3344 animum
316 3265 583 3354 temperationis
596 3264 706 3331 nobis
724 3263 947 3352 quaerendus.
966 3262 1092 3330 Utrum
1106 3262 1202 3329 Deus

142 3384 257 3472 justos
276 3382 313 3466 in
331 3381 440 3448 rebus
461 3379 584 3447 modos
606 3379 797 3464 constituit,
822 3398 868 3445 an
888 3378 975 3466 ipsae
997 3381 1123 3466 sponte
1140 3397 1203 3444 sua

145 3520 203 3566 res
225 3497 480 3586 vitapraeditae,
503 3495 776 3585 qualescumque
792 3495 874 3580 sint,
897 3514 935 3561 se
952 3493 1203 3561 ordinaverunt

147 3613 380 3703 ordinantque
424 3611 650 3680 etiamnunc‘l
692 3611 730 3679 Si
770 3611 939 3677 Timaeum
979 3609 1200 3696 inspicimus,

131 3820 147 3852 x

189 3881 230 3953 ll)
255 3883 309 3954 Kdu
325 3882 376 3953 μὴν
393 3880 431 3933 τώ
452 3901 480 3952 γε
499 3874 546 3932 δύο
562 3883 645 3953 φαμὲν
660 3881 752 3934 αὑτοῖν
769 3879 871 3949 ἀμἰκτω
888 3882 954 3952 πρὸς
966 3874 1073 3937 ἀλλήλω
1089 3879 1199 3946 (στάσις,

148 3978 250 4040 κίνησις·
263 3975 374 4040 ταύτὸν,
381 3970 502 4048 θάτερον)
509 3973 556 4028 ‚T'o
565 3968 591 4026 ὃέ
601 3996 630 4047 γε
639 3975 665 4028 ’ὃν
676 3977 763 4049 μικτὸν
773 3975 880 4048 ἀμφοῖν.
890 3970 1071 4044 (Sonars'rA,
1079 3967 1150 4040 954,
1157 3967 1201 4043 d.)
