2782 4576
628 331 790 393 ..39-

180 468 248 532 tate
264 464 411 533 solvere.
433 463 500 530 Ars
514 464 700 533 hominum
719 465 750 532 si
769 466 814 533 sit
835 465 909 534 sola
929 467 1047 557 legum
1062 469 1159 559 origo
1175 490 1235 538 aas
1311 463 1312 466 '

181 577 321 646 sibimet
354 577 486 644 similes
516 577 659 665 efficiat,
693 579 826 649 seilicet
850 582 942 650 male
967 590 1168 652 constantes
1200 590 1236 653 et

180 695 306 763 varias.
323 693 466 763 Natura
491 701 608 764 autem
634 698 847 785 consociata,
870 699 946 787 ejus
971 703 1175 769 constantiae
1196 702 1235 770 sit

180 813 369 903 particeps,
387 819 491 901 atque
507 813 604 903 leges
616 815 853 884 immutabiles
869 817 990 906 gignit.
1006 817 1120 899 Quam
1133 827 1235 888 vocat

179 928 275 995 enim
306 929 406 997 Plato
439 935 601 998 naturam
632 951 696 999 nos
731 931 798 999 alio
831 934 975 1001 numine
1001 935 1230 1024 appellamus

177 1049 281 1132 atque
297 1065 403 1133 supra
416 1051 577 1113 naturam
591 1067 670 1114 esse
687 1047 846 1116 dicimus.
865 1049 942 1117 Hoc
957 1049 1112 1137 primum
1125 1052 1232 1140 igitur

176 1166 340 1229 notemus
364 1163 467 1232 simul
489 1164 548 1232 hie
571 1170 704 1234 naturae
726 1172 864 1255 partem
886 1167 1061 1235 civitatem
1080 1188 1232 1257 pronun-

175 1278 265 1366 tiari,
279 1286 383 1370 atque
396 1281 477 1350 ideo
489 1288 587 1350 motu
599 1303 757 1352 vacuam.
774 1285 867 1365 Quid
882 1290 1000 1353 autem
1014 1290 1086 1352 tam
1098 1292 1232 1374 pugnat

175 1415 280 1482 quam
300 1397 463 1465 inertiam
490 1405 595 1488 atque
620 1400 728 1468 vitam
751 1401 878 1468 eodem
903 1401 941 1468 in
963 1401 1040 1470 loeo
1071 1403 1231 1490 poneret

174 1510 302 1578 Nonne
317 1531 377 1580 ars
388 1519 509 1583 nostra
525 1520 663 1584 tantum
689 1522 794 1607 atque
814 1522 935 1585 noster
954 1516 1153 1587 intellectus
1172 1537 1232 1587 res

175 1630 386 1720 excogitatas
412 1632 545 1700 inertes
577 1632 726 1722 tingunt,
752 1636 791 1703 in
824 1639 951 1703 natura
983 1654 1067 1703 vero
1102 1638 1230 1704 cuneta

173 1755 303 1817 aeterno
316 1751 649 1822 motuevahuntur‘?

587 2039 616 2082 2⁰
634 2038 814 2082 Comotudo.

216 2225 319 2308 Quod
338 2229 464 2295 natura
484 2231 622 2295 constat
638 2226 797 2295 habitum
811 2225 999 2317 quemdam
1020 2225 1226 2294 diuturnum

172 2362 311 2412 servare
335 2363 482 2412 necesse
508 2347 577 2429 est,
601 2348 706 2433 atque
729 2341 1034 2412 consuetudinem.
1063 2342 1225 2432 Namque

171 2459 260 2528 sicut
280 2459 318 2527 in
338 2458 490 2529 homine
505 2460 660 2528 minutos
682 2459 837 2550 eorporis
860 2459 975 2527 intimi
999 2463 1116 2527 motus
1138 2458 1227 2526 ratio

169 2574 353 2666 providere
373 2595 445 2643 non
456 2580 584 2665 potest,
599 2576 648 2643 ita
660 2575 698 2643 in
715 2574 851 2642 civitate
863 2575 921 2641 lex
939 2573 1068 2663 scripta
1083 2591 1156 2662 quae
1168 2593 1224 2641 ra-

170 2691 274 2760 tionis
287 2696 406 2782 partes
421 2691 504 2781 agit,
521 2711 594 2759 non
609 2696 726 2781 potest
746 2690 864 2758 omnia
881 2689 1009 2784 civium
1031 2688 1068 2754 in
1087 2709 1225 2779 quaque

169 2829 207 2876 re
223 2814 300 2876 acta
314 2827 538 2896 componere.
553 2806 598 2875 At
611 2807 705 2896 viget
718 2807 915 2896 incorpore
930 2805 1101 2894 cujusque
1118 2810 1222 2895 atque

168 2924 364 2992 incivitate
387 2924 444 2992 lex
463 2923 584 3008 altera,
608 2941 679 2990 non
703 2923 846 3011 scripta,
868 2941 974 3012 quam
995 2940 1081 2990 usus
1104 2941 1224 2989 rerum

167 3060 344 3129 quemque
359 3039 489 3121 docuit,
510 3039 653 3108 alterius
674 3038 752 3107 tons
775 3044 879 3127 atque
902 3036 1081 3107 fulcimen.
1100 3058 1117 3104 <‹
1135 3037 1222 3118 Quae

168 3157 332 3225 dicuntur
350 3156 485 3225 anobis
499 3176 548 3223 eae
567 3155 663 3245 leges
683 3175 754 3223 non
773 3155 913 3245 scriptae
927 3173 949 3221 a
965 3152 1083 3222 multis
1100 3153 1221 3242 appel-

167 3273 295 3359 lantur,
323 3292 389 3341 nee
415 3272 492 3340 aliae
517 3277 598 3340 sunt
622 3291 700 3360 quae
726 3270 824 3360 leges
847 3270 970 3360 patriae
995 3268 1223 3337 nominantur

166 3410 269 3479 quarn
289 3387 492 3476 hujusmodi
508 3387 636 3456 omnia.
659 3385 773 3478 Atque
796 3385 890 3476 quod
908 3385 1013 3475 paulo
1037 3389 1118 3452 ante
1141 3384 1222 3453 teti·

167 3505 293 3596 gimus‚
320 3523 387 3572 nee
415 3503 512 3593 leges
536 3503 614 3577 haec
639 3522 717 3570 esse
739 3502 910 3589 vocanda,
940 3521 1056 3590 neque
1083 3499 1222 3568 silentio

164 3618 413 3709 praetereunda
438 3618 548 3710 probe
572 3618 704 3687 dietum
727 3623 794 3687 est.
815 3617 901 3687 Haec
926 3618 1021 3686 enim
1040 3615 1146 3684 totius
1168 3619 1222 3688 rei

163 3735 315 3827 publicae
340 3735 480 3804 vincula
499 3739 594 3822 sunt,
620 3734 848 3825 mediumque
872 3737 994 3803 tenent
1015 3733 1109 3801 inter
1131 3731 1220 3801 scri-

166 3859 245 3941 ptas
274 3852 549 3939 scribendasque
578 3851 691 3940 leges,
716 3850 879 3918 videlieet
905 3856 1073 3938 tanquam
1097 3849 1220 3937 primae

167 3969 364 4056 priscaeque
387 3968 530 4035 omnino
549 3966 798 4035 institutiones,
818 3965 903 4034 Haeo
924 3965 954 4033 si
980 3964 1089 4054 probe
1108 3962 1220 4051 posita
