<?xml version="1.0" encoding="UTF-8"?>
<!DOCTYPE html PUBLIC "-//W3C//DTD XHTML 1.0 Transitional//EN"
    "http://www.w3.org/TR/xhtml1/DTD/xhtml1-transitional.dtd">
<html xmlns="http://www.w3.org/1999/xhtml" xml:lang="en" lang="en">
 <head>
  <title>
</title>
<meta http-equiv="Content-Type" content="text/html;charset=utf-8" />
  <meta name='ocr-system' content='tesseract 3.04.00' />
  <meta name='ocr-capabilities' content='ocr_page ocr_carea ocr_par ocr_line ocrx_word'/>
</head>
<body>
  <div class='ocr_page' id='page_1' title='image "./decivitateapudp00espigoog_0050.png"; bbox 0 0 2782 4576; ppageno 0'>
   <div class='ocr_carea' id='block_1_1' title="bbox 619 321 776 383">
    <p class='ocr_par' dir='ltr' id='par_1_1' title="bbox 619 321 776 383">
     <span class='ocr_line' id='line_1_1' title="bbox 619 321 776 383; baseline 0 -15"><span class='ocrx_word' id='word_1_1' title='bbox 619 321 776 383; x_wconf 57' lang='lat' dir='ltr'>..xa-</span> 
     </span>
    </p>
   </div>
   <div class='ocr_carea' id='block_1_2' title="bbox 481 613 930 668">
    <p class='ocr_par' dir='ltr' id='par_1_2' title="bbox 481 613 930 668">
     <span class='ocr_line' id='line_1_2' title="bbox 481 613 930 668; baseline -0.002 -11"><span class='ocrx_word' id='word_1_2' title='bbox 481 614 509 657; x_wconf 75' lang='lat'>³·</span> <span class='ocrx_word' id='word_1_3' title='bbox 523 613 637 658; x_wconf 70' lang='lat' dir='ltr'>mrim</span> <span class='ocrx_word' id='word_1_4' title='bbox 647 615 722 658; x_wconf 72' lang='lat' dir='ltr'>inter</span> <span class='ocrx_word' id='word_1_5' title='bbox 736 615 832 668; x_wconf 67' lang='lat' dir='ltr'>partu</span> <span class='ocrx_word' id='word_1_6' title='bbox 844 613 930 659; x_wconf 68' lang='lat' dir='ltr'>labor.</span> 
     </span>
    </p>
   </div>
   <div class='ocr_carea' id='block_1_3' title="bbox 168 827 1233 2426">
    <p class='ocr_par' dir='ltr' id='par_1_3' title="bbox 168 827 1224 1613">
     <span class='ocr_line' id='line_1_3' title="bbox 199 827 1222 918; baseline 0.002 -23"><span class='ocrx_word' id='word_1_7' title='bbox 199 827 423 917; x_wconf 74' lang='lat' dir='ltr'>Quanquam</span> <span class='ocrx_word' id='word_1_8' title='bbox 448 829 516 896; x_wconf 92' lang='lat' dir='ltr'>hoc</span> <span class='ocrx_word' id='word_1_9' title='bbox 538 847 666 918; x_wconf 91' lang='lat' dir='ltr'>corpus</span> <span class='ocrx_word' id='word_1_10' title='bbox 683 827 886 916; x_wconf 84' lang='lat' dir='ltr'>reipublicae</span> <span class='ocrx_word' id='word_1_11' title='bbox 904 827 1000 896; x_wconf 91' lang='lat' dir='ltr'>idem</span> <span class='ocrx_word' id='word_1_12' title='bbox 1014 833 1135 897; x_wconf 84' lang='lat' dir='ltr'>noster</span> <span class='ocrx_word' id='word_1_13' title='bbox 1154 829 1222 896; x_wconf 91' lang='lat' dir='ltr'>mi-</span> 
     </span>
     <span class='ocr_line' id='line_1_4' title="bbox 168 943 1222 1035; baseline 0.003 -26"><span class='ocrx_word' id='word_1_14' title='bbox 168 963 247 1010; x_wconf 83' lang='lat' dir='ltr'>rum</span> <span class='ocrx_word' id='word_1_15' title='bbox 265 945 303 1011; x_wconf 91' lang='lat' dir='ltr'>in</span> <span class='ocrx_word' id='word_1_16' title='bbox 335 944 480 1013; x_wconf 90' lang='lat' dir='ltr'>modum</span> <span class='ocrx_word' id='word_1_17' title='bbox 502 960 668 1012; x_wconf 82' lang='lat' dir='ltr'>crescens</span> <span class='ocrx_word' id='word_1_18' title='bbox 697 943 868 1033; x_wconf 80' lang='lat' dir='ltr'>depinxit,</span> <span class='ocrx_word' id='word_1_19' title='bbox 887 962 928 1011; x_wconf 85' lang='lat' dir='ltr'>ac</span> <span class='ocrx_word' id='word_1_20' title='bbox 958 944 1074 1034; x_wconf 85' lang='lat' dir='ltr'>legem</span> <span class='ocrx_word' id='word_1_21' title='bbox 1097 946 1222 1035; x_wconf 85' lang='lat' dir='ltr'>praeci-</span> 
     </span>
     <span class='ocr_line' id='line_1_5' title="bbox 169 1059 1223 1149; baseline 0.002 -22"><span class='ocrx_word' id='word_1_22' title='bbox 169 1062 282 1148; x_wconf 87' lang='lat' dir='ltr'>puam</span> <span class='ocrx_word' id='word_1_23' title='bbox 304 1060 381 1149; x_wconf 89' lang='lat' dir='ltr'>ejus</span> <span class='ocrx_word' id='word_1_24' title='bbox 406 1061 498 1147; x_wconf 82' lang='lat' dir='ltr'>vitae,</span> <span class='ocrx_word' id='word_1_25' title='bbox 532 1059 603 1128; x_wconf 91' lang='lat' dir='ltr'>imo</span> <span class='ocrx_word' id='word_1_26' title='bbox 629 1061 708 1130; x_wconf 74' lang='lat' dir='ltr'>vite</span> <span class='ocrx_word' id='word_1_27' title='bbox 739 1059 855 1128; x_wconf 90' lang='lat' dir='ltr'>omnis</span> <span class='ocrx_word' id='word_1_28' title='bbox 880 1060 1078 1148; x_wconf 84' lang='lat' dir='ltr'>descripsit.</span> <span class='ocrx_word' id='word_1_29' title='bbox 1104 1061 1223 1129; x_wconf 88' lang='lat' dir='ltr'>Unum</span> 
     </span>
     <span class='ocr_line' id='line_1_6' title="bbox 168 1174 1223 1265; baseline 0.002 -23"><span class='ocrx_word' id='word_1_30' title='bbox 168 1175 264 1245; x_wconf 90' lang='lat' dir='ltr'>euim</span> <span class='ocrx_word' id='word_1_31' title='bbox 276 1174 354 1243; x_wconf 85' lang='lat' dir='ltr'>ficri</span> <span class='ocrx_word' id='word_1_32' title='bbox 374 1175 512 1244; x_wconf 92' lang='lat' dir='ltr'>nullum</span> <span class='ocrx_word' id='word_1_33' title='bbox 536 1175 665 1244; x_wconf 87' lang='lat' dir='ltr'>animal</span> <span class='ocrx_word' id='word_1_34' title='bbox 681 1180 796 1265; x_wconf 83' lang='lat' dir='ltr'>polest</span> <span class='ocrx_word' id='word_1_35' title='bbox 815 1175 884 1242; x_wconf 88' lang='lat' dir='ltr'>nisi</span> <span class='ocrx_word' id='word_1_36' title='bbox 903 1175 1013 1243; x_wconf 78' lang='lat' dir='ltr'>divisa</span> <span class='ocrx_word' id='word_1_37' title='bbox 1040 1175 1133 1244; x_wconf 86' lang='lat' dir='ltr'>inter</span> <span class='ocrx_word' id='word_1_38' title='bbox 1147 1177 1223 1265; x_wconf 84' lang='lat' dir='ltr'>ejus</span> 
     </span>
     <span class='ocr_line' id='line_1_7' title="bbox 169 1290 1224 1381; baseline 0.001 -23"><span class='ocrx_word' id='word_1_39' title='bbox 169 1296 287 1380; x_wconf 89' lang='lat' dir='ltr'>partes</span> <span class='ocrx_word' id='word_1_40' title='bbox 312 1293 391 1360; x_wconf 84' lang='lat' dir='ltr'>vilae</span> <span class='ocrx_word' id='word_1_41' title='bbox 414 1292 529 1360; x_wconf 81' lang='lat' dir='ltr'>officia</span> <span class='ocrx_word' id='word_1_42' title='bbox 563 1293 646 1360; x_wconf 87' lang='lat' dir='ltr'>sint.</span> <span class='ocrx_word' id='word_1_43' title='bbox 675 1291 760 1360; x_wconf 84' lang='lat' dir='ltr'>Haec</span> <span class='ocrx_word' id='word_1_44' title='bbox 788 1290 919 1359; x_wconf 85' lang='lat' dir='ltr'>laboris</span> <span class='ocrx_word' id='word_1_45' title='bbox 949 1292 1090 1381; x_wconf 84' lang='lat' dir='ltr'>partitio</span> <span class='ocrx_word' id='word_1_46' title='bbox 1118 1293 1224 1361; x_wconf 86' lang='lat' dir='ltr'>totius</span> 
     </span>
     <span class='ocr_line' id='line_1_8' title="bbox 169 1405 1223 1498; baseline 0.001 -24"><span class='ocrx_word' id='word_1_47' title='bbox 169 1405 356 1475; x_wconf 73' lang='lat' dir='ltr'>Platonicae</span> <span class='ocrx_word' id='word_1_48' title='bbox 373 1407 520 1496; x_wconf 84' lang='lat' dir='ltr'>politicae</span> <span class='ocrx_word' id='word_1_49' title='bbox 545 1407 759 1498; x_wconf 88' lang='lat' dir='ltr'>principium</span> <span class='ocrx_word' id='word_1_50' title='bbox 788 1412 867 1495; x_wconf 87' lang='lat' dir='ltr'>stat,</span> <span class='ocrx_word' id='word_1_51' title='bbox 885 1415 1060 1498; x_wconf 77' lang='lat' dir='ltr'>quolenus</span> <span class='ocrx_word' id='word_1_52' title='bbox 1089 1413 1223 1476; x_wconf 83' lang='lat' dir='ltr'>nalurae</span> 
     </span>
     <span class='ocr_line' id='line_1_9' title="bbox 170 1523 1010 1613; baseline 0.002 -23"><span class='ocrx_word' id='word_1_53' title='bbox 170 1524 341 1611; x_wconf 79' lang='lat' dir='ltr'>congruit.</span> <span class='ocrx_word' id='word_1_54' title='bbox 358 1523 472 1605; x_wconf 85' lang='lat' dir='ltr'>Quam</span> <span class='ocrx_word' id='word_1_55' title='bbox 494 1523 638 1613; x_wconf 90' lang='lat' dir='ltr'>propius</span> <span class='ocrx_word' id='word_1_56' title='bbox 655 1524 897 1613; x_wconf 86' lang='lat' dir='ltr'>inspiciamus.</span> <span class='ocrx_word' id='word_1_57' title='bbox 1007 1560 1010 1565; x_wconf 95' lang='lat'>·</span> 
     </span>
    </p>

    <p class='ocr_par' dir='ltr' id='par_1_4' title="bbox 168 1628 1233 2426">
     <span class='ocr_line' id='line_1_10' title="bbox 212 1628 1222 1730; baseline 0.001 -22"><span class='ocrx_word' id='word_1_58' title='bbox 212 1639 428 1728; x_wconf 88' lang='lat' dir='ltr'>Principium</span> <span class='ocrx_word' id='word_1_59' title='bbox 449 1628 528 1708; x_wconf 67' lang='lat' dir='ltr'>vite</span> <span class='ocrx_word' id='word_1_60' title='bbox 552 1640 749 1709; x_wconf 89' lang='lat' dir='ltr'>communis</span> <span class='ocrx_word' id='word_1_61' title='bbox 776 1641 812 1707; x_wconf 92' lang='lat' dir='ltr'>in</span> <span class='ocrx_word' id='word_1_62' title='bbox 828 1660 871 1709; x_wconf 90' lang='lat' dir='ltr'>eo</span> <span class='ocrx_word' id='word_1_63' title='bbox 886 1639 981 1730; x_wconf 92' lang='lat' dir='ltr'>quod</span> <span class='ocrx_word' id='word_1_64' title='bbox 994 1639 1048 1707; x_wconf 82' lang='lat' dir='ltr'>uir</span> <span class='ocrx_word' id='word_1_65' title='bbox 1073 1640 1222 1730; x_wconf 89' lang='lat' dir='ltr'>quisque</span> 
     </span>
     <span class='ocr_line' id='line_1_11' title="bbox 169 1754 1233 1846; baseline 0 -21"><span class='ocrx_word' id='word_1_66' title='bbox 169 1754 238 1826; x_wconf 85' lang='lat' dir='ltr'>sibi</span> <span class='ocrx_word' id='word_1_67' title='bbox 260 1755 462 1824; x_wconf 83' lang='lat' dir='ltr'>necessaria</span> <span class='ocrx_word' id='word_1_68' title='bbox 484 1755 581 1823; x_wconf 89' lang='lat' dir='ltr'>solus</span> <span class='ocrx_word' id='word_1_69' title='bbox 605 1755 831 1845; x_wconf 83' lang='lat' dir='ltr'>suppeditare</span> <span class='ocrx_word' id='word_1_70' title='bbox 860 1777 931 1824; x_wconf 94' lang='lat' dir='ltr'>non</span> <span class='ocrx_word' id='word_1_71' title='bbox 964 1761 1091 1846; x_wconf 82' lang='lat' dir='ltr'>potest,</span> <span class='ocrx_word' id='word_1_72' title='bbox 1119 1759 1233 1846; x_wconf 41' lang='lat' dir='ltr'>atque*</span> 
     </span>
     <span class='ocr_line' id='line_1_12' title="bbox 169 1870 1227 1962; baseline 0.002 -23"><span class='ocrx_word' id='word_1_73' title='bbox 169 1876 249 1960; x_wconf 85' lang='lat' dir='ltr'>eget</span> <span class='ocrx_word' id='word_1_74' title='bbox 261 1870 568 1940; x_wconf 85' lang='lat' dir='ltr'>aliis-hominibus.</span> <span class='ocrx_word' id='word_1_75' title='bbox 583 1871 679 1952; x_wconf 81' lang='lat' dir='ltr'>Quoi</span> <span class='ocrx_word' id='word_1_76' title='bbox 696 1890 754 1940; x_wconf 88' lang='lat' dir='ltr'>res</span> <span class='ocrx_word' id='word_1_77' title='bbox 774 1873 918 1962; x_wconf 85' lang='lat' dir='ltr'>appetit,</span> <span class='ocrx_word' id='word_1_78' title='bbox 934 1893 1002 1941; x_wconf 91' lang='lat' dir='ltr'>nec</span> <span class='ocrx_word' id='word_1_79' title='bbox 1018 1876 1133 1961; x_wconf 83' lang='lat' dir='ltr'>polest</span> <span class='ocrx_word' id='word_1_80' title='bbox 1154 1873 1227 1942; x_wconf 88' lang='lat' dir='ltr'>sibi</span> 
     </span>
     <span class='ocr_line' id='line_1_13' title="bbox 168 1990 1224 2080; baseline 0.005 -23"><span class='ocrx_word' id='word_1_81' title='bbox 168 2008 318 2080; x_wconf 88' lang='lat' dir='ltr'>parare,</span> <span class='ocrx_word' id='word_1_82' title='bbox 359 1992 507 2060; x_wconf 82' lang='lat' dir='ltr'>tolidem</span> <span class='ocrx_word' id='word_1_83' title='bbox 535 1990 718 2060; x_wconf 91' lang='lat' dir='ltr'>hominum</span> <span class='ocrx_word' id='word_1_84' title='bbox 754 1992 790 2059; x_wconf 93' lang='lat' dir='ltr'>in</span> <span class='ocrx_word' id='word_1_85' title='bbox 823 1993 1074 2062; x_wconf 80' lang='lat' dir='ltr'>commercium</span> <span class='ocrx_word' id='word_1_86' title='bbox 1107 1994 1224 2062; x_wconf 86' lang='lat' dir='ltr'>veniat</span> 
     </span>
     <span class='ocr_line' id='line_1_14' title="bbox 168 2104 1220 2196; baseline 0.003 -24"><span class='ocrx_word' id='word_1_87' title='bbox 168 2124 315 2173; x_wconf 85' lang='lat' dir='ltr'>necesse</span> <span class='ocrx_word' id='word_1_88' title='bbox 336 2110 401 2173; x_wconf 84' lang='lat' dir='ltr'>est.</span> <span class='ocrx_word' id='word_1_89' title='bbox 419 2104 671 2174; x_wconf 85' lang='lat' dir='ltr'>Indenascitur</span> <span class='ocrx_word' id='word_1_90' title='bbox 683 2106 816 2174; x_wconf 83' lang='lat' dir='ltr'>civitas.</span> <span class='ocrx_word' id='word_1_91' title='bbox 830 2105 1044 2196; x_wconf 84' lang='lat' dir='ltr'>Quae,parva</span> <span class='ocrx_word' id='word_1_92' title='bbox 1055 2108 1220 2196; x_wconf 87' lang='lat' dir='ltr'>primum,</span> 
     </span>
     <span class='ocr_line' id='line_1_15' title="bbox 168 2221 1223 2314; baseline 0.003 -25"><span class='ocrx_word' id='word_1_93' title='bbox 168 2240 249 2290; x_wconf 88' lang='lat' dir='ltr'>mox</span> <span class='ocrx_word' id='word_1_94' title='bbox 274 2221 401 2290; x_wconf 85' lang='lat' dir='ltr'>erescit</span> <span class='ocrx_word' id='word_1_95' title='bbox 428 2222 467 2289; x_wconf 91' lang='lat' dir='ltr'>in</span> <span class='ocrx_word' id='word_1_96' title='bbox 493 2222 721 2310; x_wconf 87' lang='lat' dir='ltr'>immensum,</span> <span class='ocrx_word' id='word_1_97' title='bbox 743 2221 917 2311; x_wconf 85' lang='lat' dir='ltr'>adjunctis</span> <span class='ocrx_word' id='word_1_98' title='bbox 941 2222 1056 2292; x_wconf 90' lang='lat' dir='ltr'>omnis</span> <span class='ocrx_word' id='word_1_99' title='bbox 1083 2224 1223 2314; x_wconf 83' lang='lat' dir='ltr'>generis</span> 
     </span>
     <span class='ocr_line' id='line_1_16' title="bbox 168 2334 1222 2426; baseline 0.001 -24"><span class='ocrx_word' id='word_1_100' title='bbox 168 2334 446 2404; x_wconf 85' lang='lat' dir='ltr'>necessitatibus.</span> <span class='ocrx_word' id='word_1_101' title='bbox 463 2335 509 2403; x_wconf 81' lang='lat' dir='ltr'>At</span> <span class='ocrx_word' id='word_1_102' title='bbox 523 2355 633 2425; x_wconf 88' lang='lat' dir='ltr'>quum</span> <span class='ocrx_word' id='word_1_103' title='bbox 648 2337 797 2425; x_wconf 89' lang='lat' dir='ltr'>quisque</span> <span class='ocrx_word' id='word_1_104' title='bbox 812 2355 876 2426; x_wconf 91' lang='lat' dir='ltr'>pro</span> <span class='ocrx_word' id='word_1_105' title='bbox 892 2335 968 2424; x_wconf 88' lang='lat' dir='ltr'>aliis</span> <span class='ocrx_word' id='word_1_106' title='bbox 981 2335 1128 2422; x_wconf 87' lang='lat' dir='ltr'>laborat,</span> <span class='ocrx_word' id='word_1_107' title='bbox 1145 2356 1222 2404; x_wconf 85' lang='lat' dir='ltr'>ma·</span> 
     </span>
    </p>
   </div>
   <div class='ocr_carea' id='block_1_4' title="bbox 167 2443 1223 2654">
    <p class='ocr_par' dir='ltr' id='par_1_5' title="bbox 167 2443 1223 2654">
     <span class='ocr_line' id='line_1_17' title="bbox 168 2443 1223 2542; baseline 0.001 -22"><span class='ocrx_word' id='word_1_108' title='bbox 168 2443 221 2540; x_wconf 84' lang='lat' dir='ltr'>gis</span> <span class='ocrx_word' id='word_1_109' title='bbox 234 2471 275 2520; x_wconf 87' lang='lat' dir='ltr'>ac</span> <span class='ocrx_word' id='word_1_110' title='bbox 288 2452 400 2542; x_wconf 84' lang='lat' dir='ltr'>magis</span> <span class='ocrx_word' id='word_1_111' title='bbox 415 2452 544 2521; x_wconf 89' lang='lat' dir='ltr'>habilis</span> <span class='ocrx_word' id='word_1_112' title='bbox 554 2452 599 2520; x_wconf 88' lang='lat' dir='ltr'>ad</span> <span class='ocrx_word' id='word_1_113' title='bbox 611 2453 706 2521; x_wconf 90' lang='lat' dir='ltr'>hunc</span> <span class='ocrx_word' id='word_1_114' title='bbox 721 2473 828 2542; x_wconf 86' lang='lat' dir='ltr'>quem</span> <span class='ocrx_word' id='word_1_115' title='bbox 846 2453 1067 2542; x_wconf 86' lang='lat' dir='ltr'>frequentius</span> <span class='ocrx_word' id='word_1_116' title='bbox 1082 2459 1223 2521; x_wconf 81' lang='lat' dir='ltr'>exercet</span> 
     </span>
     <span class='ocr_line' id='line_1_18' title="bbox 167 2562 1221 2654; baseline 0.002 -25"><span class='ocrx_word' id='word_1_117' title='bbox 167 2563 324 2633; x_wconf 88' lang='lat' dir='ltr'>laborem</span> <span class='ocrx_word' id='word_1_118' title='bbox 335 2563 408 2650; x_wconf 87' lang='lat' dir='ltr'>liet,</span> <span class='ocrx_word' id='word_1_119' title='bbox 425 2563 543 2632; x_wconf 90' lang='lat' dir='ltr'>minus</span> <span class='ocrx_word' id='word_1_120' title='bbox 566 2569 685 2633; x_wconf 89' lang='lat' dir='ltr'>autem</span> <span class='ocrx_word' id='word_1_121' title='bbox 699 2564 744 2632; x_wconf 83' lang='lat' dir='ltr'>ad</span> <span class='ocrx_word' id='word_1_122' title='bbox 760 2562 948 2654; x_wconf 88' lang='lat' dir='ltr'>reliquum.</span> <span class='ocrx_word' id='word_1_123' title='bbox 966 2563 1139 2632; x_wconf 87' lang='lat' dir='ltr'>Paulatim</span> <span class='ocrx_word' id='word_1_124' title='bbox 1154 2564 1221 2654; x_wconf 85' lang='lat' dir='ltr'>igi-</span> 
     </span>
    </p>
   </div>
   <div class='ocr_carea' id='block_1_5' title="bbox 163 2679 1224 4047">
    <p class='ocr_par' dir='ltr' id='par_1_6' title="bbox 163 2679 1224 4047">
     <span class='ocr_line' id='line_1_19' title="bbox 167 2679 1220 2768; baseline -0.001 -20"><span class='ocrx_word' id='word_1_125' title='bbox 167 2686 224 2749; x_wconf 84' lang='lat' dir='ltr'>tur</span> <span class='ocrx_word' id='word_1_126' title='bbox 247 2679 361 2750; x_wconf 88' lang='lat' dir='ltr'>solum</span> <span class='ocrx_word' id='word_1_127' title='bbox 376 2681 444 2749; x_wconf 88' lang='lat' dir='ltr'>hoc</span> <span class='ocrx_word' id='word_1_128' title='bbox 473 2680 628 2749; x_wconf 84' lang='lat' dir='ltr'>osticium</span> <span class='ocrx_word' id='word_1_129' title='bbox 649 2680 707 2748; x_wconf 93' lang='lat' dir='ltr'>cui</span> <span class='ocrx_word' id='word_1_130' title='bbox 728 2680 839 2768; x_wconf 84' lang='lat' dir='ltr'>magis</span> <span class='ocrx_word' id='word_1_131' title='bbox 861 2683 965 2768; x_wconf 85' lang='lat' dir='ltr'>aptus</span> <span class='ocrx_word' id='word_1_132' title='bbox 983 2679 1050 2748; x_wconf 91' lang='lat' dir='ltr'>sibi</span> <span class='ocrx_word' id='word_1_133' title='bbox 1071 2679 1220 2763; x_wconf 84' lang='lat' dir='ltr'>videtur,</span> 
     </span>
     <span class='ocr_line' id='line_1_20' title="bbox 167 2795 1224 2886; baseline 0.001 -23"><span class='ocrx_word' id='word_1_134' title='bbox 167 2796 342 2885; x_wconf 82' lang='lat' dir='ltr'>implebit3</span> <span class='ocrx_word' id='word_1_135' title='bbox 366 2800 401 2864; x_wconf 88' lang='lat' dir='ltr'>et</span> <span class='ocrx_word' id='word_1_136' title='bbox 416 2798 459 2865; x_wconf 86' lang='lat' dir='ltr'>ad</span> <span class='ocrx_word' id='word_1_137' title='bbox 476 2803 603 2866; x_wconf 72' lang='lat' dir='ltr'>catera</span> <span class='ocrx_word' id='word_1_138' title='bbox 618 2796 736 2864; x_wconf 85' lang='lat' dir='ltr'>caeteri</span> <span class='ocrx_word' id='word_1_139' title='bbox 755 2795 866 2886; x_wconf 79' lang='lat' dir='ltr'>magis</span> <span class='ocrx_word' id='word_1_140' title='bbox 880 2796 1000 2864; x_wconf 89' lang='lat' dir='ltr'>idonei</span> <span class='ocrx_word' id='word_1_141' title='bbox 1014 2815 1093 2864; x_wconf 89' lang='lat' dir='ltr'>sese</span> <span class='ocrx_word' id='word_1_142' title='bbox 1108 2795 1224 2864; x_wconf 86' lang='lat' dir='ltr'>acciu·</span> 
     </span>
     <span class='ocr_line' id='line_1_21' title="bbox 167 2894 1220 3002; baseline -0.002 -20"><span class='ocrx_word' id='word_1_143' title='bbox 167 2920 260 3002; x_wconf 81' lang='lat' dir='ltr'>gont.</span> <span class='ocrx_word' id='word_1_144' title='bbox 277 2912 377 2982; x_wconf 89' lang='lat' dir='ltr'>Adde</span> <span class='ocrx_word' id='word_1_145' title='bbox 393 2913 487 3002; x_wconf 88' lang='lat' dir='ltr'>quod</span> <span class='ocrx_word' id='word_1_146' title='bbox 499 2918 659 3002; x_wconf 86' lang='lat' dir='ltr'>tempora</span> <span class='ocrx_word' id='word_1_147' title='bbox 667 2912 761 2980; x_wconf 89' lang='lat' dir='ltr'>varia</span> <span class='ocrx_word' id='word_1_148' title='bbox 774 2912 910 2981; x_wconf 86' lang='lat' dir='ltr'>varium</span> <span class='ocrx_word' id='word_1_149' title='bbox 925 2931 1014 3002; x_wconf 90' lang='lat' dir='ltr'>opus</span> <span class='ocrx_word' id='word_1_150' title='bbox 1029 2894 1197 2980; x_wconf 83' lang='lat' dir='ltr'>inducent</span> <span class='ocrx_word' id='word_1_151' title='bbox 1210 2932 1220 2997; x_wconf 92' lang='lat'>;</span> 
     </span>
     <span class='ocr_line' id='line_1_22' title="bbox 168 3030 1223 3121; baseline -0.001 -23"><span class='ocrx_word' id='word_1_152' title='bbox 168 3051 278 3099; x_wconf 81' lang='lat' dir='ltr'>senex</span> <span class='ocrx_word' id='word_1_153' title='bbox 306 3030 381 3099; x_wconf 88' lang='lat' dir='ltr'>aliis</span> <span class='ocrx_word' id='word_1_154' title='bbox 413 3050 454 3099; x_wconf 86' lang='lat' dir='ltr'>ac</span> <span class='ocrx_word' id='word_1_155' title='bbox 486 3031 626 3119; x_wconf 87' lang='lat' dir='ltr'>juvenis</span> <span class='ocrx_word' id='word_1_156' title='bbox 656 3030 864 3099; x_wconf 87' lang='lat' dir='ltr'>muneribus</span> <span class='ocrx_word' id='word_1_157' title='bbox 899 3031 1081 3121; x_wconf 82' lang='lat' dir='ltr'>iungetur,</span> <span class='ocrx_word' id='word_1_158' title='bbox 1119 3035 1223 3118; x_wconf 84' lang='lat' dir='ltr'>atque</span> 
     </span>
     <span class='ocr_line' id='line_1_23' title="bbox 165 3141 1221 3234; baseline 0.002 -25"><span class='ocrx_word' id='word_1_159' title='bbox 165 3142 251 3231; x_wconf 82' lang='lat' dir='ltr'>ipsae</span> <span class='ocrx_word' id='word_1_160' title='bbox 278 3143 362 3212; x_wconf 84' lang='lat' dir='ltr'>anni</span> <span class='ocrx_word' id='word_1_161' title='bbox 382 3149 609 3234; x_wconf 85' lang='lat' dir='ltr'>tempestates</span> <span class='ocrx_word' id='word_1_162' title='bbox 628 3144 742 3212; x_wconf 86' lang='lat' dir='ltr'>varios</span> <span class='ocrx_word' id='word_1_163' title='bbox 767 3163 786 3211; x_wconf 83' lang='lat' dir='ltr'>a</span> <span class='ocrx_word' id='word_1_164' title='bbox 805 3144 888 3212; x_wconf 87' lang='lat' dir='ltr'>viris</span> <span class='ocrx_word' id='word_1_165' title='bbox 904 3143 1044 3213; x_wconf 86' lang='lat' dir='ltr'>labores</span> <span class='ocrx_word' id='word_1_166' title='bbox 1063 3141 1221 3232; x_wconf 88' lang='lat' dir='ltr'>postula-</span> 
     </span>
     <span class='ocr_line' id='line_1_24' title="bbox 166 3258 1223 3350; baseline 0 -24"><span class='ocrx_word' id='word_1_167' title='bbox 166 3258 266 3327; x_wconf 91' lang='lat' dir='ltr'>bunt.</span> <span class='ocrx_word' id='word_1_168' title='bbox 281 3259 420 3348; x_wconf 90' lang='lat' dir='ltr'>Duplici</span> <span class='ocrx_word' id='word_1_169' title='bbox 429 3260 535 3349; x_wconf 78' lang='lat' dir='ltr'>igitur</span> <span class='ocrx_word' id='word_1_170' title='bbox 546 3259 624 3350; x_wconf 83' lang='lat' dir='ltr'>lege</span> <span class='ocrx_word' id='word_1_171' title='bbox 636 3259 767 3328; x_wconf 89' lang='lat' dir='ltr'>divisus</span> <span class='ocrx_word' id='word_1_172' title='bbox 779 3259 897 3348; x_wconf 86' lang='lat' dir='ltr'>labor,.</span> <span class='ocrx_word' id='word_1_173' title='bbox 912 3266 948 3329; x_wconf 84' lang='lat' dir='ltr'>et</span> <span class='ocrx_word' id='word_1_174' title='bbox 965 3259 1094 3328; x_wconf 90' lang='lat' dir='ltr'>indolis</span> <span class='ocrx_word' id='word_1_175' title='bbox 1105 3258 1156 3350; x_wconf 88' lang='lat' dir='ltr'>(id</span> <span class='ocrx_word' id='word_1_176' title='bbox 1168 3264 1223 3326; x_wconf 83' lang='lat' dir='ltr'>est</span> 
     </span>
     <span class='ocr_line' id='line_1_25' title="bbox 165 3372 1220 3465; baseline 0.001 -26"><span class='ocrx_word' id='word_1_177' title='bbox 165 3372 371 3463; x_wconf 81' lang='lat' dir='ltr'>habilitatis)</span> <span class='ocrx_word' id='word_1_178' title='bbox 386 3378 421 3443; x_wconf 89' lang='lat' dir='ltr'>ei</span> <span class='ocrx_word' id='word_1_179' title='bbox 440 3375 626 3464; x_wconf 89' lang='lat' dir='ltr'>temporis;</span> <span class='ocrx_word' id='word_1_180' title='bbox 648 3393 754 3464; x_wconf 89' lang='lat' dir='ltr'>quam</span> <span class='ocrx_word' id='word_1_181' title='bbox 780 3375 911 3465; x_wconf 88' lang='lat' dir='ltr'>optime</span> <span class='ocrx_word' id='word_1_182' title='bbox 930 3375 1029 3444; x_wconf 87' lang='lat' dir='ltr'>Plato</span> <span class='ocrx_word' id='word_1_183' title='bbox 1046 3373 1220 3463; x_wconf 83' lang='lat' dir='ltr'>expressit</span> 
     </span>
     <span class='ocr_line' id='line_1_26' title="bbox 163 3488 1215 3580; baseline 0.001 -25"><span class='ocrx_word' id='word_1_184' title='bbox 163 3488 219 3558; x_wconf 87' lang='lat' dir='ltr'>his</span> <span class='ocrx_word' id='word_1_185' title='bbox 232 3489 365 3558; x_wconf 82' lang='lat' dir='ltr'>verbis:</span> <span class='ocrx_word' id='word_1_186' title='bbox 381 3488 415 3558; x_wconf 81' lang='lat' dir='ltr'>l·</span> <span class='ocrx_word' id='word_1_187' title='bbox 431 3512 448 3557; x_wconf 82' lang='lat' dir='ltr'>c</span> <span class='ocrx_word' id='word_1_188' title='bbox 467 3490 659 3560; x_wconf 86' lang='lat' dir='ltr'>Considera</span> <span class='ocrx_word' id='word_1_189' title='bbox 672 3491 769 3558; x_wconf 86' lang='lat' dir='ltr'>nasci</span> <span class='ocrx_word' id='word_1_190' title='bbox 780 3511 845 3559; x_wconf 87' lang='lat' dir='ltr'>nos</span> <span class='ocrx_word' id='word_1_191' title='bbox 856 3490 998 3580; x_wconf 88' lang='lat' dir='ltr'>quidem</span> <span class='ocrx_word' id='word_1_192' title='bbox 1010 3509 1083 3558; x_wconf 93' lang='lat' dir='ltr'>non</span> <span class='ocrx_word' id='word_1_193' title='bbox 1093 3489 1215 3557; x_wconf 85' lang='lat' dir='ltr'>admo·</span> 
     </span>
     <span class='ocr_line' id='line_1_27' title="bbox 164 3604 1221 3697; baseline 0.001 -25"><span class='ocrx_word' id='word_1_194' title='bbox 164 3604 247 3673; x_wconf 92' lang='lat' dir='ltr'>dum</span> <span class='ocrx_word' id='word_1_195' title='bbox 263 3605 396 3673; x_wconf 88' lang='lat' dir='ltr'>similes</span> <span class='ocrx_word' id='word_1_196' title='bbox 424 3606 486 3674; x_wconf 89' lang='lat' dir='ltr'>sed</span> <span class='ocrx_word' id='word_1_197' title='bbox 513 3605 714 3676; x_wconf 80' lang='lat' dir='ltr'>differentes</span> <span class='ocrx_word' id='word_1_198' title='bbox 740 3607 904 3694; x_wconf 90' lang='lat' dir='ltr'>invicem,</span> <span class='ocrx_word' id='word_1_199' title='bbox 928 3605 1158 3697; x_wconf 83' lang='lat' dir='ltr'>singulosque</span> <span class='ocrx_word' id='word_1_200' title='bbox 1176 3605 1221 3673; x_wconf 89' lang='lat' dir='ltr'>ad</span> 
     </span>
     <span class='ocr_line' id='line_1_28' title="bbox 164 3721 1218 3815; baseline 0 -25"><span class='ocrx_word' id='word_1_201' title='bbox 164 3721 300 3812; x_wconf 81' lang='lat' dir='ltr'>singula</span> <span class='ocrx_word' id='word_1_202' title='bbox 322 3743 429 3813; x_wconf 87' lang='lat' dir='ltr'>opera</span> <span class='ocrx_word' id='word_1_203' title='bbox 447 3729 629 3814; x_wconf 86' lang='lat' dir='ltr'>promptos</span> <span class='ocrx_word' id='word_1_204' title='bbox 658 3729 784 3793; x_wconf 88' lang='lat' dir='ltr'>natura</span> <span class='ocrx_word' id='word_1_205' title='bbox 798 3725 956 3815; x_wconf 88' lang='lat' dir='ltr'>produci.</span> <span class='ocrx_word' id='word_1_206' title='bbox 976 3723 1068 3806; x_wconf 85' lang='lat' dir='ltr'>Quid</span> <span class='ocrx_word' id='word_1_207' title='bbox 1086 3728 1218 3806; x_wconf 88' lang='lat' dir='ltr'>autem,</span> 
     </span>
     <span class='ocr_line' id='line_1_29' title="bbox 165 3840 1222 3930; baseline 0.002 -23"><span class='ocrx_word' id='word_1_208' title='bbox 165 3845 331 3929; x_wconf 83' lang='lat' dir='ltr'>ageretne</span> <span class='ocrx_word' id='word_1_209' title='bbox 345 3841 472 3910; x_wconf 90' lang='lat' dir='ltr'>melius</span> <span class='ocrx_word' id='word_1_210' title='bbox 497 3841 622 3930; x_wconf 88' lang='lat' dir='ltr'>aliquis</span> <span class='ocrx_word' id='word_1_211' title='bbox 637 3861 731 3912; x_wconf 92' lang='lat' dir='ltr'>unus</span> <span class='ocrx_word' id='word_1_212' title='bbox 757 3862 881 3912; x_wconf 90' lang='lat' dir='ltr'>omnes</span> <span class='ocrx_word' id='word_1_213' title='bbox 902 3841 1006 3912; x_wconf 90' lang='lat' dir='ltr'>simul</span> <span class='ocrx_word' id='word_1_214' title='bbox 1034 3847 1140 3926; x_wconf 86' lang='lat' dir='ltr'>artes,</span> <span class='ocrx_word' id='word_1_215' title='bbox 1166 3840 1222 3909; x_wconf 92' lang='lat' dir='ltr'>vel</span> 
     </span>
     <span class='ocr_line' id='line_1_30' title="bbox 165 3954 1222 4047; baseline 0.005 -24"><span class='ocrx_word' id='word_1_216' title='bbox 165 3955 292 4044; x_wconf 78' lang='lat' dir='ltr'>singuli</span> <span class='ocrx_word' id='word_1_217' title='bbox 310 3957 491 4046; x_wconf 74' lang='lat' dir='ltr'>singulas‘.l</span> <span class='ocrx_word' id='word_1_218' title='bbox 520 3997 563 4008; x_wconf 94' lang='lat'>-</span> <span class='ocrx_word' id='word_1_219' title='bbox 588 3957 725 4047; x_wconf 84' lang='lat' dir='ltr'>Singuli</span> <span class='ocrx_word' id='word_1_220' title='bbox 738 3957 958 4045; x_wconf 71' lang='lat' dir='ltr'>singulasu</span> <span class='ocrx_word' id='word_1_221' title='bbox 983 3957 1090 4047; x_wconf 79' lang='lat' dir='ltr'>Atqui</span> <span class='ocrx_word' id='word_1_222' title='bbox 1104 3961 1140 4025; x_wconf 82' lang='lat' dir='ltr'>et</span> <span class='ocrx_word' id='word_1_223' title='bbox 1153 3954 1222 4028; x_wconf 86' lang='lat' dir='ltr'>hoc</span> 
     </span>
    </p>
   </div>
   <div class='ocr_carea' id='block_1_6' title="bbox 0 0 1396 4576">
    <p class='ocr_par' dir='ltr' id='par_1_7' title="bbox 0 0 1396 4576">
     <span class='ocr_line' id='line_1_31' title="bbox 0 0 1396 4576; baseline 0 0"><span class='ocrx_word' id='word_1_224' title='bbox 0 0 1396 4576; x_wconf 95' lang='lat' dir='ltr'> </span> 
     </span>
    </p>
   </div>
  </div>
 </body>
</html>
