2782 4576
616 374 654 387 ..
676 343 715 402 57
740 377 775 386 -

164 479 338 546 civitatem
353 497 459 546 unam
472 476 567 544 haud
582 476 682 544 facile
703 476 758 543 vel
776 476 869 543 inter
884 475 1038 561 Graecos,
1057 473 1111 541 rel
1125 474 1219 542 iuter

163 594 335 663 Barbaros
364 592 575 683 quandoque
599 592 776 681 reperies3
809 613 887 681 quae
912 597 1032 659 tamen
1050 590 1218 680 hujusce-

164 709 260 777 modi
289 709 426 777 ciritate
454 709 564 777 multo
595 709 747 796 majores
768 707 955 775 rideantur
981 706 1100 774 multis
1123 705 1221 774 inve·

166 825 245 892 nies
265 823 360 911 (1)···
384 824 513 892 Annon
528 824 586 891 hic
605 825 711 913 igitur
729 822 988 912 pulcherrimus
1007 823 1074 889 erit
1092 821 1222 890 nostris

166 939 383 1029 principibus
398 939 580 1029 augendus
594 939 742 1007 civitatis
761 938 934 1007 terminus
954 938 1011 1006 cui
1031 957 1110 1005 cum
1127 941 1223 1004 tanta

165 1054 270 1123 fuerit
283 1061 416 1123 tantam
431 1056 611 1145 regionem
622 1055 777 1124 tribuere
790 1054 903 1138 decet,
917 1054 1092 1142 reliquum
1102 1058 1221 1120 autem

167 1171 355 1240 dimittere.
371 1170 597 1252 -Quisnam
613 1171 811 1239 terminus‘?
824 1209 869 1219 -
882 1169 1043 1238 Arbitror
1057 1167 1223 1258 equidem

167 1307 349 1377 quousque
369 1287 515 1355 adaucta
529 1287 649 1355 civitas
663 1306 735 1354 una
744 1290 960 1375 permaneat,
978 1304 1136 1373 eousque
1156 1303 1219 1350 au-

167 1403 317 1493 gendam
333 1423 424 1488 esse,
440 1423 512 1470 non
525 1403 627 1471 ultra.
640 1401 717 1470 Hoc
730 1407 900 1490 praeterea
911 1406 1126 1491 preceptum
1141 1419 1223 1467 cus-

166 1518 306 1587 todibus
323 1518 533 1586 servandum
555 1518 814 1603 mundabimur,
836 1523 882 1590 nt
894 1536 961 1585 nec
976 1536 1084 1605 parva
1103 1515 1224 1583 civitas

166 1654 233 1702 uec
245 1654 373 1723 magna
393 1633 550 1702 videatur
565 1655 657 1722 esse,
677 1634 741 1701 sed
763 1653 841 1701 uno
860 1638 966 1721 atque
987 1631 1178 1699 sufficiens.
1203 1651 1221 1696 n

168 1749 377 1818 Semelvero
390 1749 688 1838 finitus‚nonjam
698 1750 892 1832 mutabitur
903 1748 1223 1816 civiumnumerus,

167 1865 244 1933 Hoc
259 1865 401 1932 mirum.
419 1866 536 1945 Quum
552 1867 647 1933 enirn
663 1865 767 1933 variis
789 1866 828 1932 in
848 1864 1050 1954 regionibus
1069 1869 1104 1930 et
1121 1862 1220 1949 lociS,

166 1981 362 2049 secundum
385 1981 664 2071 magnitudinem
684 1972 885 2049 vicinarum*
896 1981 1076 2048 civitatum
1096 1998 1225 2047 nume·

166 2117 226 2164 rus
254 2098 383 2165 civium
402 2098 531 2174 ,minor
559 2103 618 2166 aut
642 2098 756 2186 major
784 2096 968 2187 ponendus
1001 2096 1059 2182 sit,
1081 2095 1224 2162 mutatis

165 2213 220 2282 his
245 2213 516 2300 conditionibus
545 2215 734 2283 mutandus
759 2213 898 2281 videtur
929 2231 1101 2280 numerus
1129 2211 1219 2300 ipse.

167 2328 474 2419 Caeterumsponte
486 2330 678 2398 mutabitur
686 2349 871 2399 cansarum
878 2328 1108 2396 obscurarum
1120 2332 1221 2395 nutu.

167 2445 267 2514 Plato
285 2446 504 2514 immobilem
525 2466 608 2514 eum
618 2446 719 2534 jubet
732 2464 890 2512 manere.
909 2443 986 2525 Quo
1004 2443 1134 2533 pacto‘t
1157 2442 1226 2510 Hic

167 2562 274 2630 etiam
287 2581 426 2629 summa
440 2562 640 2651 principum
650 2566 805 2652 potestas
814 2561 865 2628 rei
876 2559 1049 2628 consulet.
1065 2558 1225 2626 «Nume

166 2697 246 2746 rum
258 2683 376 2746 autem
392 2679 595 2767 nuptiarum
610 2678 753 2746 arbitrio
769 2677 970 2767 principum
990 2674 1226 2742 concedemus

167 2798 205 2862 ut
223 2793 267 2862 ad
291 2793 410 2862 hostes
435 2814 476 2862 ac
500 2793 642 2862 morbos
667 2798 863 2880 caeteraque
886 2789 1090 2879 hujusmodi
1111 2789 1226 2880 respi-

167 2909 313 2997 cientes
331 2909 497 2978 eumdem
511 2931 618 2999 quam
633 2909 783 2977 maxime
800 2926 987 2976 numerum
1003 2907 1131 2974 civium
1148 2926 1225 2974 ser·

167 3031 237 3108 vet,
249 3046 366 3114 neque
379 3025 548 3115 populosa
564 3026 685 3094 civitas
699 3025 805 3093 nimis
820 3024 865 3092 sit
880 3022 995 3113 quoad
1005 3022 1082 3090 fieri
1093 3027 1224 3110 potest,

167 3159 284 3228 neque
297 3160 408 3209 vacua
421 3139 486 3229 (2).
504 3163 521 3207 u
537 3141 634 3222 Quos
646 3141 788 3231 quidem
798 3139 1022 3229 magistratus
1034 3157 1107 3204 non
1117 3136 1222 3204 modo

167 3257 370 3346 nuptiarum
390 3277 538 3325 numero
559 3257 622 3326 sed
644 3258 750 3326 etiam
773 3276 964 3346 puerorum
988 3252 1040 3343 (3)
1063 3252 1226 3321 custodes

169 3373 372 3462 prepositos
402 3372 573 3441 videmus.
613 3373 671 3441 Sic
701 3373 808 3463 igitur
841 3372 1009 3439 adversus
1040 3368 1224 3458 Sophistas

168 3507 277 3576 quum
292 3494 432 3577 saperet
445 3489 543 3557 Plato
557 3488 691 3558 finitam
707 3511 785 3558 esse
802 3488 958 3577 corporis
971 3486 1082 3554 civilis
1092 3487 1226 3576 magni-

169 3603 330 3671 tudinem
342 3603 579 3690 deiendcndo,
592 3606 668 3695 ipse
680 3626 752 3673 suae
762 3604 942 3695 pugnabat
953 3604 1136 3671 sententiae
1147 3623 1226 3672 eam

169 3721 447 3810 magnitudinem
460 3722 736 3792 immutabilibus
745 3719 958 3792 includendo
966 3717 1097 3788 finibus
1109 3740 1118 3807 3
1131 3719 1225 3789 illos·

172 3967 180 3980 ·
201 3969 235 4031 (ι)
252 3969 288 4019 oe
298 3971 366 4036 rep„
384 3975 439 4035 na,
453 3972 476 4021 o.
491 3999 520 4009 -
534 3973 567 4036 (a)
584 3973 618 4022 oe
631 3971 698 4034 rep,
713 3975 769 4036 no,
784 3969 808 4032 c,
822 3986 845 4021 c.
860 3997 890 4010 -
908 3971 943 4036 (a)
959 3972 995 4023 oe
1009 3972 1079 4038 nep„
1095 3973 1151 4034 uo,
1164 3984 1189 4020 a.
