2782 4576
613 309 776 371 ...40⁴-

162 448 242 532 sint,
255 463 365 534 seque
377 445 417 512 in
430 445 480 511 eis
495 443 657 512 homines
668 449 763 514 recte
776 428 1044 532 assuefecerint,
1062 448 1227 516 censori·

164 566 241 650 ptos
265 560 361 650 leges
389 559 504 628 stabili
531 559 642 626 salute
667 564 837 628 tutantur.
861 560 923 629 Sin
950 561 1226 631 contrafactum

166 677 225 764 sit,
244 682 366 744 contra
385 675 577 764 contingit:
596 675 893 764 quemadmodum
912 676 950 743 in
967 676 1123 746 aedificiis
1135 679 1226 747 acci·

166 792 215 860 dit
234 791 304 860 ubi·
316 792 346 858 si
363 791 492 860 aedium
507 790 746 859 sustentacula
760 791 937 860 subtracta
956 792 999 862 de
1017 793 1134 862 medio
1147 794 1227 862 sua·
1313 885 1315 888 y

165 908 247 992 rint,
272 906 459 975 concidere
479 906 596 974 omnia
618 912 758 996 cogunt,
783 907 921 996 aliaque
941 928 984 976 ex
1007 885 1085 977 aliis
1106 909 1224 998 dejici,
1258 942 1265 953 ·

166 1029 201 1091 et
222 1043 302 1111 quae
325 1024 417 1091 bene
439 1028 679 1111 superstructa
704 1029 786 1092 sunt
808 1022 932 1092 dirutis
950 1024 1128 1113 prioribus
1150 1044 1228 1093 cor-

166 1145 286 1207 ruunt.
303 1140 418 1227 Atque
433 1139 510 1206 haec
527 1139 720 1228 cogitantes
741 1159 868 1206 noram
882 1139 975 1208 hanc
991 1145 1088 1208 tuam
1111 1141 1229 1210 civita·

169 1260 251 1341 tem,
267 1274 287 1322 o
306 1254 429 1335 Clinia,
447 1253 602 1343 undique
618 1255 750 1322 vincire
763 1255 946 1343 debemus,
960 1255 1069 1323 nihilo
1082 1276 1229 1346 prorsus

108 1359 112 1364 ’
169 1370 291 1438 relicto
302 1369 395 1459 quod
406 1369 482 1437 lieri
494 1375 609 1459 potest
620 1369 712 1458 quod
723 1369 778 1437 vel
794 1370 838 1437 ad
850 1369 959 1459 leges,
970 1372 1024 1438 vel
1039 1371 1081 1439 ad
1093 1392 1224 1461 morae,

170 1486 222 1554 vel
239 1486 284 1553 ad
300 1486 416 1554 studia
431 1487 618 1574 pertineat,
637 1486 692 1554 his
709 1486 801 1553 enim
823 1487 988 1555 omnihus
1005 1488 1125 1555 civitas
1141 1508 1229 1556 nec-

168 1602 268 1670 titur.
279 1601 442 1671 Alterum
459 1622 542 1669 vero
560 1603 707 1670 istorum
724 1603 800 1670 sine
813 1602 921 1670 altero
937 1623 1146 1692 permanere
1159 1625 1231 1672 non

171 1724 286 1808 potest
300 1716 366 1807 (l).
386 1739 403 1784 r>
420 1718 507 1799 Quae
518 1718 571 1784 vis
587 1723 702 1785 autem
716 1738 834 1786 mores
852 1719 957 1788 elficit
971 1738 1011 1787 ac
1024 1719 1161 1809 legibus
1175 1740 1232 1787 so·

171 1833 281 1902 lidum
307 1833 480 1901 substruit
501 1833 795 1902 tundamentum?
815 1833 924 1902 Recta
943 1835 1126 1902 hominnm
1143 1855 1228 1903 sen-

172 1949 303 2035 tentia3
322 1969 400 2039 quae
418 1969 528 2038 quum
547 1950 582 2016 in
598 1950 762 2018 omnihus
779 1950 957 2018 mentibus
972 1950 1133 2019 meritam
1148 1970 1230 2020 auc·

172 2062 349 2133 toritatem
378 2065 529 2152 obtinet,
557 2065 653 2133 nulla
680 2065 835 2133 adhibita
864 2085 987 2154 poena,
1015 2068 1151 2156 peccati
1178 2069 1235 2136 vel

171 2179 389 2249 voluntatem
413 2180 512 2249 tollit.
536 2180 581 2248 At
607 2201 649 2248 ea
673 2186 771 2249 recta
800 2182 932 2271 opini0,
954 2203 1063 2272 quum
1089 2203 1162 2252 nen
1177 2204 1232 2252 ex

173 2297 310 2364 ratione
326 2305 362 2364 et
376 2295 534 2364 doctrina
554 2297 617 2364 sed
635 2316 678 2364 ex
699 2317 767 2366 usu
785 2298 938 2387 pendeat
952 2297 1016 2385 (2),
1031 2299 1229 2367 secundum

175 2412 395 2484 conditiones
421 2416 619 2500 temporum
645 2418 680 2481 et
704 2413 863 2481 lucorum
884 2413 998 2481 varias
1022 2413 1161 2498 llorehit
1176 2417 1233 2484 vel

175 2533 430 2617 corrumpetur.
461 2527 579 2605 Veluti
605 2529 724 2618 planta
757 2528 919 2617 quaedam
957 2535 1071 2598 certos
1100 2530 1232 2600 tractus

172 2653 276 2713 terrae
294 2643 397 2712 colet.
414 2644 610 2735 Interrogat
628 2645 666 2712 in
681 2644 831 2734 Lepidus
849 2644 1075 2714 Atheniensis
1097 2647 1234 2716 advena

173 2759 322 2828 Cliniam
337 2760 380 2828 de
397 2760 543 2850 regione
560 2761 597 2827 in
615 2780 720 2849 quam
739 2760 924 2829 deducturi
941 2767 1023 2828 sunt
1043 2761 1243 2834 Cretenses

176 2875 380 2944 coloniam:
406 2896 423 2942 t<
448 2875 561 2963 Quod,
586 2876 712 2965 inquit,
736 2876 779 2944 ad
805 2896 947 2966 campos
972 2882 1181 2968 montesque
1199 2886 1234 2948 et

178 2973 292 3081 sylvas
307 2991 471 3081 pertinet,
485 3011 554 3080 quo
566 2997 668 3082 pacto
682 2992 850 3083 disposita
867 2992 949 3061 est‘l
962 3031 1006 3043 -
1022 2993 1151 3063 Similis
1166 3001 1232 3079 est,

177 3108 225 3176 ait
248 3107 391 3194 Cliniae,
405 3107 554 3197 reliquae
577 3109 683 3177 totius
704 3112 818 3177 Cretae
840 3114 986 3177 naturae.
1003 3147 1047 3161 -
1061 3109 1233 3199 Asperam

177 3222 414 3313 igituripsam
440 3225 557 3313 potius
587 3229 621 3292 et
644 3225 848 3315 sylvestrem
874 3245 980 3314 quam
1001 3231 1233 3314 campestrem

179 3321 256 3408 esse
270 3338 384 3407 dicis‘l
399 3377 443 3391 -
453 3340 517 3409 Aio
534 3340 709 3430 equidem.
724 3341 858 3410 -Non
876 3347 929 3410 est
942 3341 1049 3431 igitur
1061 3341 1105 3409 ad
1118 3344 1236 3432 acqui-

177 3455 502 3525 rendumvirtutem
518 3457 740 3525 incommoda
756 3457 820 3547 (3),
840 3479 857 3525 »
876 3478 892 3524 ((
910 3457 986 3525 Nee
1001 3457 1109 3544 enim,
1120 3458 1235 3548 inquit

177 3569 262 3640 alias
279 3571 357 3661 ipse
373 3572 468 3640 idem
485 3572 724 3655 Atheniensis,
741 3572 898 3642 Platonis
917 3572 1010 3640 haud
1029 3573 1157 3642 dubius
1170 3575 1231 3643 in·

179 3692 413 3776 terpreS,·nec
429 3689 574 3776 enim,d
599 3688 712 3758 Clinia
732 3695 767 3758 et
782 3688 934 3780 Megille‚
952 3708 1017 3757 nos
1037 3689 1234 3780 fugiatma-

213 3950 247 4015 (l)
265 3951 300 4000 De
315 3948 430 4013 Lepidm,
444 3954 499 4014 793,
512 3965 536 4000 a.
552 3975 582 3986 —
601 3950 634 4015 (ἓ)
649 3951 700 4015 ld„
713 3954 768 4004 752.
779 3963 800 4000 c.
817 3976 845 3988 -
859 3949 1023 4014 (a)1d.,rot,
1038 3951 1066 4009 d.
1123 3956 1125 3961 ’
