2782 4576
591 345 691 407 ...19
712 381 749 393 -

139 500 200 549 sus
223 480 330 570 igitur
358 501 465 571 quem
492 481 633 550 dicebas
659 481 821 572 quisnam
845 483 926 551 esti
954 484 1047 553 circa
1074 486 1196 574 quodi

141 617 220 684 quae
241 617 299 665 ars
313 617 395 667 eum
410 597 579 686 praestat?
599 598 741 667 Etenim
753 597 820 666 iste
839 619 1035 669 consensus
1049 601 1128 669 talis
1143 607 1197 671 est

139 712 180 776 ut
197 707 280 778 insit
290 708 495 797 reipublicae
511 715 546 777 et
558 710 693 797 privato
715 710 904 799 unicuique
919 712 965 779 ad
983 713 1139 802 seipsum
1162 718 1198 783 et

140 821 238 891 alios.
265 862 309 872 -
330 823 394 891 Ac.
420 845 427 891 :
446 823 744 894 Consentaneum.
768 864 813 888 -.
836 826 919 894 Soc.
947 826 1064 908 :Quis
1088 829 1196 918 igitur

140 937 246 1007 esti..
258 939 377 1007 -Αι,
393 939 511 1008 :Reor
523 940 688 1029 equidem
704 962 783 1011 esse
796 943 986 1013 amicitiam
999 950 1034 1013 et
1049 965 1197 1013 consen·
1304 1006 1308 1010 .

140 1053 276 1122 sionem
288 1073 357 1141 qua
369 1059 471 1143 pater
486 1073 528 1124 ac
542 1061 655 1124 mater
673 1055 784 1150 filium
799 1063 834 1124 et
856 1055 965 1125 irater
978 1056 1136 1146 fratrem,
1160 1065 1196 1127 et

140 1191 229 1238 uxor
252 1171 367 1240 virum
391 1178 551 1263 amantes
573 1172 811 1240 consentiunt.
832 1211 877 1221 -
894 1173 976 1242 Soc.
996 1195 1003 1241 :
1020 1173 1189 1261 Putasne,

140 1303 161 1352 o
179 1283 391 1372 Alcibiades
407 1287 521 1354 virum
536 1307 617 1354 cum
634 1306 740 1355 uxore
756 1287 849 1355 circa
861 1286 1053 1356 lanificium
1063 1309 1195 1357 conve·

139 1397 230 1481 nire,
244 1398 448 1487 imperitum
467 1418 549 1466 cum
565 1398 703 1487 perita?
716 1437 761 1448 —
778 1398 842 1466 An.
863 1424 870 1464 :
888 1399 1134 1488 Nequaquam.
1150 1437 1195 1450 -

140 1512 221 1584 Soc.
242 1540 250 1580 :
272 1514 398 1604 Neque
424 1521 560 1604 oportet
587 1515 755 1604 quidem:
778 1515 961 1584 muliebris
993 1517 1089 1585 enim
1119 1517 1196 1586 haec

140 1628 324 1718 disciplina
343 1634 407 1698 est.
421 1668 465 1678 -
478 1630 544 1698 Ac.
565 1630 762 1699 :Profecto
790 1668 835 1682 -
853 1629 937 1700 Soc.
957 1629 1074 1711 :Quid
1097 1652 1193 1716 vere,

140 1747 266 1815 mulier
281 1767 362 1816 cum
374 1747 448 1814 viro
463 1746 557 1814 cirea
570 1765 658 1836 opus
676 1747 826 1816 militare
841 1749 1040 1836 conveniet,
1058 1769 1138 1817 cum
1158 1748 1194 1816 id

140 1862 411 1952 haudquaquam
435 1862 623 1931 didicerit?
644 1899 690 1916 —
711 1862 775 1931 An.
800 1890 807 1931 :
833 1864 991 1932 Minime.
1012 1903 1056 1916 -
1078 1865 1161 1934 Soc.
1183 1891 1191 1930 :

141 1980 247 2048 Virile
267 1980 362 2048 enim
382 1980 419 2047 id
434 1999 557 2047 rursus
572 2001 651 2048 esse
666 1979 828 2048 diceres‘i
841 2019 883 2031 -
899 1981 963 2049 Ac.
980 2007 987 2047 :
1004 1980 1190 2070 Equidem.

139 2137 185 2149 -
210 2098 292 2166 Soc.
315 2097 430 2166 :Sunt
456 2117 540 2187 ergo
571 2096 766 2184 discipline
793 2096 957 2184 quaedam
988 2096 1192 2184 mulierum,

140 2212 301 2301 quaedam
330 2213 497 2298 virorum,
523 2212 623 2299 juxta
646 2211 739 2279 hanc
763 2213 975 2281 sententiam
1000 2213 1126 2280 tuom‘?
1151 2250 1196 2264 -

138 2328 227 2396 An:
251 2327 407 2409 Quidni?
423 2365 469 2378 -
488 2327 569 2396 Soc.
589 2354 596 2393 :
614 2328 657 2396 In
677 2328 722 2395 iis
742 2328 860 2417 itaque
883 2327 1090 2396 mulieribus
1112 2347 1193 2396 cum

138 2445 221 2512 viris
239 2464 434 2514 consensus
452 2451 506 2512 est
523 2424 668 2513 nuilus?
682 2481 726 2496 -
740 2445 804 2512 Ac.
825 2469 833 2510 :
850 2443 989 2513 Nullus
1011 2480 1057 2498 -
1076 2443 1161 2512 Soc.
1183 2467 1191 2512 2

138 2559 263 2648 Neque
294 2559 446 2626 amicitia
476 2559 606 2648 igitur:
624 2559 799 2648 siquidem
827 2559 981 2627 amicitia
1005 2559 1194 2627 consensio

137 2676 373 2764 quaedamest.
390 2675 507 2744 -Αι,
528 2675 632 2744 :Non
645 2676 794 2744 videtur.
817 2713 860 2727 -
876 2674 954 2744 Soc.
975 2701 982 2741 :
1001 2674 1085 2743 ldeo
1106 2695 1194 2764 qua·

138 2797 243 2860 tenus
265 2789 431 2858 mulieres
457 2789 571 2858 officio
595 2810 660 2859 sua
684 2797 862 2878 exercent,
888 2811 959 2860 non
988 2798 1195 2860 amantura

139 2907 301 2975 virist—
315 2908 378 2975 An.
396 2932 404 2972 :
421 2907 502 2976 Non
517 2912 674 2996 apparet.
691 2945 734 2959 —
749 2908 832 2978 Soc.
850 2907 997 2998 :Neque
1010 2908 1078 2976 viri
1090 2909 1196 2976 etiam

138 3045 160 3093 a
181 3023 399 3111 mulieribus,
426 3024 510 3092 dum
529 3024 641 3093 virilia
664 3024 843 3092 tractanti
858 3063 901 3076 -
919 3026 988 3093 An.
1006 3047 1014 3093 :
1032 3023 1124 3092 Non.
1151 3062 1195 3077 -

138 3141 220 3209 Soc.
246 3167 253 3207 :
270 3140 351 3209 Non
367 3161 450 3230 ergo
463 3147 548 3208 tuno
559 3142 690 3229 optime
703 3142 860 3209 civitates
875 3142 1107 3210 instituuntur
1116 3160 1197 3209 cum

139 3258 268 3348 singuli
293 3259 460 3346 operibus
489 3259 563 3326 suis
591 3257 828 3327 incumbunt‘.i
852 3296 896 3311 -
915 3257 981 3326 AL.
1004 3258 1106 3326 :Hoc
1132 3278 1197 3346 ego

138 3379 269 3459 tamen,
291 3394 312 3441 o
333 3375 510 3455 Socrates
529 3375 690 3442 arbitror.
715 3412 760 3422 -
783 3373 866 3441 Soc.
891 3399 899 3439 :
922 3372 1105 3453 Quomodo
1129 3371 1197 3438 hoe

138 3488 201 3575 ais,
216 3488 368 3557 amicitia
378 3480 527 3576 sublata,
540 3508 610 3578 qua
621 3493 797 3577 praesente
807 3487 960 3557 confessi
971 3507 1094 3554 sumus
1104 3485 1196 3554 bene
1227 3488 1231 3493 ’

138 3603 301 3671 constitui
320 3603 491 3683 civitates
517 3602 617 3670 aliter
635 3622 718 3670 vero
744 3601 889 3669 contra‘?
910 3636 954 3650 —
975 3599 1039 3667 Ac.
1060 3625 1068 3665 ε
1090 3599 1198 3687 Atqui

138 3718 225 3786 mihi
238 3717 377 3786 videtur
391 3719 436 3786 ob
446 3717 514 3786 hoc
523 3719 786 3786 interhomines
799 3717 993 3786 consistere
1006 3716 1198 3785 amicitiam

139 3834 233 3925 quod
258 3835 407 3926 quisque
438 3856 542 3904 suum
570 3834 723 3903 officium
753 3841 977 3925 exsequatur.
1006 3872 1051 3886 -
1076 3833 1160 3951 Sog.
1188 3859 1195 3896 ι

141 3951 247 4040 Atqui
261 3951 356 4021 aliud
369 3950 474 4040 paulo
487 3957 569 4020 ante
581 3951 735 4022 dicebas.
758 3952 863 4022 Nunc
880 3958 998 4022 autem
1014 3970 1084 4039 quo
1098 3953 1201 4038 pacto
1313 3973 1318 3980 ·
