2782 4576
614 333 773 396 431...

163 475 290 566 cuique
313 481 412 566 aptas
446 479 563 565 partes
594 469 792 556 distribuit,
818 477 855 540 et
883 437 1001 539 omnia
1023 471 1162 543 ordinat
1183 481 1223 544 ut

164 611 268 660 suum
280 591 325 660 ad
338 589 447 660 finem
462 589 610 658 feliciter
623 587 782 656 tendant.
802 608 820 654 ((
835 585 982 677 Oportet
1001 607 1098 674 sane,
1113 609 1133 657 o
1148 589 1220 659 Cli·

163 704 234 788 nia,
252 706 290 773 13
313 725 386 774 333
405 724 543 795 quaque
561 723 601 771 re
616 721 812 790 congruum
826 700 1046 790 singulorum
1071 722 1218 792 operum

163 819 378 883 servatorem
393 815 603 903 excogitare.
621 811 770 894 Qualem
786 812 937 879 maxime
957 810 1075 879 locum
1096 813 1134 881 in
1148 817 1222 883 ani-

163 929 314 999 malibus
347 931 464 999 anima
489 935 525 998 et
558 933 663 1019 eaput
685 927 817 1020 habere
854 927 1061 996 videntur...
1087 929 1223 1000 Horum

164 1043 411 1132 nempevirtus
424 1044 520 1111 omni
532 1041 828 1111 animalisalutem
838 1041 983 1130 praebet.
995 1041 1088 1110 Nam
1097 1043 1222 1113 animae

166 1163 310 1251 quidem
325 1163 369 1231 ad
385 1163 452 1231 3113
465 1183 567 1230 meus
581 1161 696 1230 inlusa
716 1166 770 1229 est
792 1188 799 1227 ε
818 1160 924 1251 333111
943 1147 1085 1252 quoque
1099 1166 1143 1233 ad
1158 1167 1226 1236 alia

165 1279 261 1346 visus
289 1280 497 1367 auditusque
524 1285 578 1347 est
600 1279 770 1348 insertus
799 1278 908 1367 Atqui
938 1279 986 1347 ita
1024 1281 1225 1348 summatim

145 1394 413 1494 pulcherrimis
441 1396 605 1466 sensibus
629 1418 731 1469 mens
758 1397 961 1484 conjuncta,
985 1400 1020 1464 et
1047 1395 1086 1464 in
1114 1418 1225 1466 unum

167 1512 328 1600 redacta,
353 1512 448 1581 33133
469 1513 862 1604 31333133333311131133
875 1513 942 1602 (1).
958 1536 975 1582 r
994 1512 1074 1594 Qua
1091 1516 1225 1586 ratione

166 1627 273 1718 igitur
285 1629 387 1698 Mens
405 1631 569 1699 sensibus
588 1631 796 1699 adsalutem
811 1629 963 1698 hominis
981 1630 1086 1698 unius
1101 1632 1222 1718 utitur,

168 1743 381 1832 gubernator
399 1744 514 1812 nautis
533 1743 744 1814 adsalutem
762 1744 1015 1834 navigantium,
1035 1744 1226 1834 imperator

167 1859 343 1928 interioris
364 1860 497 1928 ordinis
521 1859 669 1929 ducibus
690 1860 902 1928 adsalutem
919 1859 1081 1947 militum,
1102 1861 1227 1930 eadem

169 1976 303 2045 ratione
319 1981 467 2045 utuntur
482 1977 672 2046 decemviri
687 1978 760 2045 suis
775 1975 993 2064 adjutoribus
1012 1974 1060 2043 ad
1078 1975 1226 2046 salutem

172 2090 516 2159 civitatisuniversae.

190 2207 197 2220 “
216 2205 343 2273 Multos
355 2205 450 2274 locos
466 2206 627 2275 consulto
636 2205 851 2296 perscriptos
865 2202 1048 2272 retulimus
1058 2208 1098 2272 ut
1111 2210 1228 2294 pateat

172 2319 262 2388 13333
277 2322 576 2411 comparationem
591 2341 665 2389 non
680 2341 760 2389 3333
772 2320 950 2389 fortuitam
963 2340 1079 2409 neque
1095 2319 1230 2389 anobis

173 2455 216 2502 ex
256 2434 385 2526 angulo
422 2438 576 2524 quodam
613 2435 879 2503 Platonicorum
915 2454 1063 2523 operum
1093 2435 1230 2503 curiose

174 2574 391 2644 expressam,
414 2555 478 2622 sed
500 2556 719 2644 praecipuum
748 2555 787 2622 in
820 2553 912 2623 cirili
940 2553 1099 2622 doctrina
1123 2573 1228 2642 quam

174 2671 382 2760 inspicimus
407 2670 523 2739 locum
539 2676 674 2750 tenere,
698 2678 803 2761 atque
827 2671 867 2738 in
892 2690 929 2737 se
957 2671 1058 2758 quasi
1082 2690 1225 2738 omnem

174 2806 319 2856 sensum
333 2788 552 2856 contrahere.
573 2788 591 2856 J
594 2807 650 2856 am
665 2793 874 2876 argumenta
888 2786 1016 2876 quibus
1035 2805 1114 2855 eam
1127 2792 1228 2856 recta

175 2908 358 2978 confirmat
374 2909 473 2977 Plato
500 2911 637 2978 nullum
661 2910 704 2978 de
731 2910 800 2978 hoc
824 2909 983 2979 dubitare
1009 2911 1141 2980 sinunt.
1169 2912 1228 2980 Bis

174 3035 270 3104 enim
286 3040 392 3124 negat
410 3056 515 3124 posse
536 3035 614 3104 sieri
642 3041 682 3105 31
707 3041 820 3104 totum
847 3035 958 3104 ullum
982 3035 1086 3104 aliam
1101 3057 1142 3104 ac
1156 3035 1229 3106 ele·

174 3163 291 3227 menta
317 3157 445 3247 quibus
476 3163 613 3227 constat
647 3164 814 3227 naturam
855 3159 1012 3248 praebeat
1048 3165 1083 3227 et
1111 3160 1232 3229 civitas

174 3284 293 3373 dispar
311 3285 385 3352 suis
402 3285 535 3353 civibus
551 3284 607 3352 sit.
627 3305 645 3351 (
662 3285 840 3372 Profecto,
853 3285 969 3374 inquit
983 3285 1021 3352 in
1035 3285 1231 3373 Republica

174 3400 276 3468 nobis
301 3419 448 3468 necesse
473 3405 527 3469 est
542 3401 713 3488 confiteri,
743 3401 887 3470 easdem
900 3403 938 3468 in
961 3401 1064 3470 nobis
1091 3402 1229 3490 species

176 3521 280 3605 atque
303 3536 420 3584 mores
442 3516 560 3584 inesse
590 3536 677 3607 quas
694 3523 729 3586 et
752 3518 955 3586 incivitate.
979 3517 1104 3607 Neque
1133 3517 1229 3586 enim

176 3635 316 3705 aliunde
325 3637 362 3705 in
373 3637 632 3707 civitatemhaec
641 3637 874 3708 devenerunt.
885 3637 1087 3707 Ridiculum
1100 3639 1230 3727 quippe

177 3766 272 3830 esset
303 3761 335 3828 si
364 3759 443 3848 quis
481 3758 688 3828 iracundam
722 3760 981 3830 animositatem
1017 3759 1233 3829 existimaret

209 4008 243 4074 (3)
258 4007 344 4073 rapu,
355 4012 413 4072 ru,
426 4008 453 4058 3.
