2782 4576
671 321 830 384 ..43-

221 461 325 547 gente
347 456 472 546 suique
494 461 605 545 parte,
626 461 661 525 et
680 475 724 523 cx
739 455 885 525 scientia
906 477 983 546 quae
1005 456 1043 524 in
1063 455 1277 546 praesidente

222 576 257 641 et
275 571 434 663 principe
458 577 556 662 parte
585 572 694 656 inest,
729 576 799 641 tota
825 571 966 662 sapiens
990 572 1057 641 erit
1079 572 1277 643 secundum

222 695 383 757 naturam
399 687 519 757 civitas
534 687 732 757 instituta...
750 685 815 777 (b).
832 687 879 755 At
897 707 980 757 vero
994 709 1111 777 neque
1128 689 1278 758 inventu

222 802 367 882 difficile,
386 809 440 873 est
464 803 549 894 quid
567 802 732 873 tortitudo
747 802 803 891 sit,
825 823 937 892 quave
954 804 1103 874 civitatis
1122 805 1160 872 in
1176 809 1279 895 parte

221 918 376 1007 locetur,
404 924 547 1009 propter
579 918 673 1008 quod
701 917 799 988 sortis
828 919 948 988 civitas
976 926 1211 1009 noncupatur.
1233 959 1281 1015 ·.··

223 1023 383 1117 Quonam
412 1033 540 1125 pacto‘l
565 1033 792 1115 -Quisnam
811 1035 855 1104 ad
876 1034 972 1104 aliud
996 1035 1186 1125 quicquam
1200 1056 1279 1105 res·

222 1151 358 1241 piciens
387 1150 560 1219 civitatem
588 1148 643 1219 vel
675 1150 833 1220 timidam
868 1150 922 1220 vel
947 1151 1074 1220 sortem
1103 1137 1284 1236 nominat,

224 1286 330 1356 quam
355 1267 500 1336 adeam
524 1271 660 1357 partem
685 1287 762 1355 quae
783 1287 851 1356 pro
873 1265 951 1355 ipsa
969 1273 1104 1358 pugnat
1130 1287 1170 1335 ac
1193 1266 1283 1336 mili·

222 1387 275 1451 tet
285 1381 390 1470 (l)‘l›>
402 1381 574 1471 (elidem
586 1381 629 1450 de
641 1381 1280 1452 felicitate.Putesomnesinhaccivi·

225 1503 296 1566 tate
307 1497 429 1567 beatos
440 1497 880 1566 essetobliviscerisunam
890 1519 1002 1568 unum
1012 1519 1189 1590 quemque
1198 1519 1284 1589 qua-

226 1613 359 1683 litatem
371 1613 581 1702 exprimere.
606 1613 940 1696 «Quemadmodum
963 1615 1057 1684 enim
1076 1615 1106 1684 si
1125 1616 1205 1704 quis
1218 1636 1286 1687 nos

225 1729 373 1821 figuram
394 1729 547 1798 hominis
567 1730 797 1819 depingentes
816 1730 992 1818 vituperet
1007 1729 1101 1818 quod
1117 1730 1284 1819 pulcher·

227 1845 326 1915 rimis
338 1844 500 1915 animalis
511 1845 668 1935 partibus
679 1866 749 1915 non
760 1845 1016 1936 pulcherrimos
1030 1847 1136 1915 etiam
1149 1846 1287 1916 colores

228 1981 446 2052 apponamus
476 1982 484 2029 :
521 1960 611 2029 oculi
648 1962 743 2030 enim
767 1962 1045 2052 pulcherrimum
1067 1960 1282 2049 membrum,

228 2098 300 2145 non
320 2097 488 2167 purpura,
508 2077 571 2145 sed
587 2077 687 2168 nigro
707 2077 823 2146 colore
839 2083 959 2146 essent
978 2077 1108 2167 depicti
1131 2077 1288 2146 :decen-

229 2199 283 2262 ter
305 2194 427 2281 utique
457 2193 673 2282 respondere
700 2192 883 2261 videamur
906 2213 978 2261 non
1008 2199 1171 2282 oportere
1198 2192 1288 2263 adeo

228 2328 294 2376 nos
308 2307 474 2398 pulchros
489 2308 607 2376 oculos
628 2309 791 2398 pingere,
810 2314 848 2378 ut
867 2330 912 2377 ne
930 2309 1023 2378 oculi
1042 2308 1185 2398 quidem
1206 2329 1288 2378 esse

229 2423 425 2507 videantur,
446 2443 487 2492 ac
503 2445 618 2513 neque
639 2431 765 2493 caetera
784 2425 960 2510 membra;
982 2423 1043 2493 sed
1060 2423 1287 2494 considerare

211 2525 361 2609 ¹debere
392 2539 422 2607 si
447 2539 594 2628 singulis
619 2540 784 2609 decorem
810 2561 913 2609 suum
938 2541 1155 2624 tribuentes*
1174 2545 1288 2610 totum

231 2655 418 2744 pulchrum
432 2655 641 2741 reddamus3
662 2656 712 2724 sic
728 2677 843 2745 nequo
860 2676 955 2724 nunc
968 2675 1034 2724 nos
1053 2674 1170 2745 cogas,
1188 2655 1286 2724 dice-

229 2791 362 2853 remus,
380 2791 421 2839 ea
444 2770 608 2840 custodes
622 2770 785 2840 felicitate
802 2770 940 2840 afficere
962 2793 1039 2860 quae
1053 2771 1132 2838 illos
1147 2771 1289 2859 quidvis
1366 2755 1370 2765 ⁵

135 2868 141 2882 ’
231 2885 325 2954 aliud
355 2887 471 2976 potius
500 2906 605 2976 quam
638 2887 802 2955 custodes
834 2886 1004 2956 efficiat...
1032 2887 1141 2955 Porro
1169 2887 1200 2954 si
1226 2885 1291 2954 tibi

231 3002 445 3092 parebimus,
461 3023 578 3092 neque
592 3002 742 3093 agricola
756 3003 909 3093 agricole
922 3003 1000 3090 erit,
1014 3022 1129 3091 neque
1144 2999 1288 3092 figulus,

228 3117 357 3209 figulus
387 3117 451 3207 (2).
477 3139 494 3186 >›
517 3117 608 3208 Ergo
635 3117 783 3209 singulae
810 3118 942 3187 classes
976 3118 1151 3207 singulam
1177 3116 1296 3205 quali--

230 3239 338 3303 tatem
354 3239 458 3322 atque
473 3239 512 3302 ut
530 3233 579 3303 ita
598 3234 714 3303 dicam
731 3234 850 3304 ideam
869 3235 1084 3325 expriment,
1112 3253 1190 3322 quse
1208 3253 1291 3301 vero

232 3369 340 3439 quum
355 3349 404 3418 ita
423 3349 505 3438 sint,
525 3349 681 3440 quidest
700 3356 772 3419 tota
788 3348 936 3419 civitas‘l
949 3348 1136 3417 Animalne
1157 3348 1291 3435 vivens,

234 3484 277 3533 an
307 3459 513 3554 qualitatum
540 3465 765 3553 manipulust
792 3465 977 3534 Civitatem
1003 3463 1102 3532 Plato
1129 3464 1197 3532 hac
1225 3464 1293 3531 im-

235 3580 373 3675 modica
387 3592 436 3650 xaar}
454 3581 648 3670 presertim
669 3581 760 3648 male
783 3580 886 3649 ducta
914 3590 1034 3649 statuae
1056 3579 1229 3665 dissolvit,
1254 3598 1294 3647 ac

185 3728 187 3734 s
236 3692 383 3767 subtiles
396 3697 435 3764 in
450 3716 552 3764 auras
565 3695 662 3765 velut
681 3695 821 3765 discutit
836 3716 876 3764 ac
893 3696 1050 3786 dissipat,
1069 3693 1201 3764 nedum
1216 3712 1294 3793 eam

236 3817 317 3883 ante
331 3799 451 3882 doulos
465 3817 605 3880 nostros
625 3817 790 3901 agentem
804 3819 924 3901 ponat.

271 4005 305 4070 (t)
322 4006 358 4055 De
370 4007 440 4070 dep„
453 4009 507 4069 ons,
518 4020 547 4068 e,·
563 4010 617 4069 ¹029,
629 4021 653 4055 a.
666 4032 694 4043 -
705 4005 741 4069 (ἓ)
755 4005 811 4070 ld,
824 4009 879 4069 tto,
894 4007 922 4056 d.
