<?xml version="1.0" encoding="UTF-8"?>
<!DOCTYPE html PUBLIC "-//W3C//DTD XHTML 1.0 Transitional//EN"
    "http://www.w3.org/TR/xhtml1/DTD/xhtml1-transitional.dtd">
<html xmlns="http://www.w3.org/1999/xhtml" xml:lang="en" lang="en">
 <head>
  <title>
</title>
<meta http-equiv="Content-Type" content="text/html;charset=utf-8" />
  <meta name='ocr-system' content='tesseract 3.04.00' />
  <meta name='ocr-capabilities' content='ocr_page ocr_carea ocr_par ocr_line ocrx_word'/>
</head>
<body>
  <div class='ocr_page' id='page_1' title='image "./decivitateapudp00espigoog_0087.png"; bbox 0 0 2782 4576; ppageno 0'>
   <div class='ocr_carea' id='block_1_1' title="bbox 612 338 767 400">
    <p class='ocr_par' dir='ltr' id='par_1_1' title="bbox 612 338 767 400">
     <span class='ocr_line' id='line_1_1' title="bbox 612 338 767 400; baseline 0 -14"><span class='ocrx_word' id='word_1_1' title='bbox 612 338 767 400; x_wconf 76' lang='lat'><strong>-80-</strong></span> 
     </span>
    </p>
   </div>
   <div class='ocr_carea' id='block_1_2' title="bbox 162 468 1230 2887">
    <p class='ocr_par' dir='ltr' id='par_1_2' title="bbox 162 468 1222 1253">
     <span class='ocr_line' id='line_1_2' title="bbox 163 468 1220 564; baseline -0.006 -22"><span class='ocrx_word' id='word_1_2' title='bbox 163 493 303 564; x_wconf 87' lang='lat' dir='ltr'>quoque</span> <span class='ocrx_word' id='word_1_3' title='bbox 333 471 470 540; x_wconf 88' lang='lat' dir='ltr'>civilem</span> <span class='ocrx_word' id='word_1_4' title='bbox 501 470 640 539; x_wconf 88' lang='lat' dir='ltr'>efficere</span> <span class='ocrx_word' id='word_1_5' title='bbox 660 471 780 560; x_wconf 83' lang='lat' dir='ltr'><strong>possit.</strong></span> <span class='ocrx_word' id='word_1_6' title='bbox 801 469 870 551; x_wconf 83' lang='lat' dir='ltr'>Qui</span> <span class='ocrx_word' id='word_1_7' title='bbox 889 469 919 537; x_wconf 90' lang='lat' dir='ltr'>si</span> <span class='ocrx_word' id='word_1_8' title='bbox 942 468 1113 537; x_wconf 83' lang='lat' dir='ltr'>exstiterit</span> <span class='ocrx_word' id='word_1_9' title='bbox 1136 468 1220 537; x_wconf 89' lang='lat' dir='ltr'>talis</span> 
     </span>
     <span class='ocr_line' id='line_1_3' title="bbox 162 583 1220 675; baseline -0.004 -19"><span class='ocrx_word' id='word_1_10' title='bbox 162 588 220 656; x_wconf 88' lang='lat' dir='ltr'>hic</span> <span class='ocrx_word' id='word_1_11' title='bbox 238 589 332 656; x_wconf 89' lang='lat' dir='ltr'>inter</span> <span class='ocrx_word' id='word_1_12' title='bbox 351 587 508 655; x_wconf 83' lang='lat' dir='ltr'>viventes</span> <span class='ocrx_word' id='word_1_13' title='bbox 531 586 596 654; x_wconf 89' lang='lat' dir='ltr'>erit</span> <span class='ocrx_word' id='word_1_14' title='bbox 624 586 764 675; x_wconf 89' lang='lat' dir='ltr'>qualem</span> <span class='ocrx_word' id='word_1_15' title='bbox 786 587 962 654; x_wconf 82' lang='lat' dir='ltr'>Homerus</span> <span class='ocrx_word' id='word_1_16' title='bbox 986 583 1033 652; x_wconf 90' lang='lat' dir='ltr'>ait</span> <span class='ocrx_word' id='word_1_17' title='bbox 1046 584 1220 652; x_wconf 87' lang='lat' dir='ltr'>Tiresiam</span> 
     </span>
     <span class='ocr_line' id='line_1_4' title="bbox 162 697 1222 787; baseline -0.005 -18"><span class='ocrx_word' id='word_1_18' title='bbox 162 701 255 769; x_wconf 90' lang='lat' dir='ltr'>inter</span> <span class='ocrx_word' id='word_1_19' title='bbox 277 705 432 768; x_wconf 91' lang='lat' dir='ltr'>mortuos</span> <span class='ocrx_word' id='word_1_20' title='bbox 454 719 545 785; x_wconf 90' lang='lat' dir='ltr'>esse,</span> <span class='ocrx_word' id='word_1_21' title='bbox 577 700 628 768; x_wconf 90' lang='lat' dir='ltr'>sic</span> <span class='ocrx_word' id='word_1_22' title='bbox 658 699 780 767; x_wconf 86' lang='lat' dir='ltr'>dicens</span> <span class='ocrx_word' id='word_1_23' title='bbox 802 720 809 767; x_wconf 91' lang='lat'>:</span> <span class='ocrx_word' id='word_1_24' title='bbox 835 699 932 766; x_wconf 88' lang='lat' dir='ltr'>Inter</span> <span class='ocrx_word' id='word_1_25' title='bbox 955 718 1016 766; x_wconf 89' lang='lat' dir='ltr'>eos</span> <span class='ocrx_word' id='word_1_26' title='bbox 1039 697 1099 786; x_wconf 93' lang='lat' dir='ltr'>qui</span> <span class='ocrx_word' id='word_1_27' title='bbox 1124 697 1222 787; x_wconf 91' lang='lat' dir='ltr'>apud</span> 
     </span>
     <span class='ocr_line' id='line_1_5' title="bbox 162 812 1218 903; baseline -0.004 -20"><span class='ocrx_word' id='word_1_28' title='bbox 162 815 294 884; x_wconf 84' lang='lat' dir='ltr'>interos</span> <span class='ocrx_word' id='word_1_29' title='bbox 310 820 392 883; x_wconf 83' lang='lat' dir='ltr'>sunt</span> <span class='ocrx_word' id='word_1_30' title='bbox 408 814 504 882; x_wconf 89' lang='lat' dir='ltr'>solus</span> <span class='ocrx_word' id='word_1_31' title='bbox 530 813 632 903; x_wconf 88' lang='lat' dir='ltr'>sapit,</span> <span class='ocrx_word' id='word_1_32' title='bbox 651 814 770 883; x_wconf 85' lang='lat' dir='ltr'>caeteri</span> <span class='ocrx_word' id='word_1_33' title='bbox 787 833 880 881; x_wconf 77' lang='lat' dir='ltr'>verae</span> <span class='ocrx_word' id='word_1_34' title='bbox 900 814 1036 882; x_wconf 86' lang='lat' dir='ltr'>umbrae</span> <span class='ocrx_word' id='word_1_35' title='bbox 1057 812 1218 880; x_wconf 86' lang='lat' dir='ltr'>volitant.</span> 
     </span>
     <span class='ocr_line' id='line_1_6' title="bbox 163 928 1221 1019; baseline -0.004 -19"><span class='ocrx_word' id='word_1_36' title='bbox 163 931 329 1001; x_wconf 82' lang='lat' dir='ltr'><strong>Similiter</strong></span> <span class='ocrx_word' id='word_1_37' title='bbox 344 936 379 999; x_wconf 92' lang='lat' dir='ltr'>et</span> <span class='ocrx_word' id='word_1_38' title='bbox 405 931 490 998; x_wconf 89' lang='lat' dir='ltr'>civis</span> <span class='ocrx_word' id='word_1_39' title='bbox 513 930 572 998; x_wconf 92' lang='lat' dir='ltr'>hic</span> <span class='ocrx_word' id='word_1_40' title='bbox 596 929 640 997; x_wconf 91' lang='lat' dir='ltr'>ad</span> <span class='ocrx_word' id='word_1_41' title='bbox 665 930 751 998; x_wconf 88' lang='lat' dir='ltr'>alios</span> <span class='ocrx_word' id='word_1_42' title='bbox 766 936 935 1019; x_wconf 84' lang='lat' dir='ltr'><strong>tanquam</strong></span> <span class='ocrx_word' id='word_1_43' title='bbox 955 929 999 997; x_wconf 88' lang='lat' dir='ltr'>ad</span> <span class='ocrx_word' id='word_1_44' title='bbox 1015 928 1159 996; x_wconf 87' lang='lat' dir='ltr'>umbras</span> <span class='ocrx_word' id='word_1_45' title='bbox 1180 949 1221 996; x_wconf 91' lang='lat' dir='ltr'>se</span> 
     </span>
     <span class='ocr_line' id='line_1_7' title="bbox 162 1046 1222 1136; baseline -0.002 -20"><span class='ocrx_word' id='word_1_46' title='bbox 162 1048 352 1118; x_wconf 87' lang='lat' dir='ltr'>haberet...</span> <span class='ocrx_word' id='word_1_47' title='bbox 370 1047 422 1116; x_wconf 84' lang='lat' dir='ltr'>Ex</span> <span class='ocrx_word' id='word_1_48' title='bbox 441 1047 507 1114; x_wconf 89' lang='lat' dir='ltr'>hac</span> <span class='ocrx_word' id='word_1_49' title='bbox 521 1047 639 1136; x_wconf 90' lang='lat' dir='ltr'>itaque</span> <span class='ocrx_word' id='word_1_50' title='bbox 658 1047 806 1134; x_wconf 85' lang='lat' dir='ltr'>ratione,</span> <span class='ocrx_word' id='word_1_51' title='bbox 824 1066 844 1114; x_wconf 91' lang='lat' dir='ltr'>o</span> <span class='ocrx_word' id='word_1_52' title='bbox 859 1046 978 1130; x_wconf 89' lang='lat' dir='ltr'>Meno,</span> <span class='ocrx_word' id='word_1_53' title='bbox 993 1046 1111 1114; x_wconf 91' lang='lat' dir='ltr'>divina</span> <span class='ocrx_word' id='word_1_54' title='bbox 1125 1051 1222 1115; x_wconf 83' lang='lat' dir='ltr'>sorte</span> 
     </span>
     <span class='ocr_line' id='line_1_8' title="bbox 163 1163 1016 1253; baseline -0.002 -20"><span class='ocrx_word' id='word_1_55' title='bbox 163 1165 329 1233; x_wconf 89' lang='lat' dir='ltr'>virtutem</span> <span class='ocrx_word' id='word_1_56' title='bbox 347 1164 470 1232; x_wconf 86' lang='lat' dir='ltr'>adesse</span> <span class='ocrx_word' id='word_1_57' title='bbox 492 1163 701 1253; x_wconf 86' lang='lat' dir='ltr'>cuicumque</span> <span class='ocrx_word' id='word_1_58' title='bbox 719 1163 809 1230; x_wconf 88' lang='lat' dir='ltr'>adsit</span> <span class='ocrx_word' id='word_1_59' title='bbox 823 1168 979 1253; x_wconf 89' lang='lat' dir='ltr'>apparet.</span> <span class='ocrx_word' id='word_1_60' title='bbox 998 1182 1016 1231; x_wconf 81' lang='lat' dir='ltr'>r</span> 
     </span>
    </p>

    <p class='ocr_par' dir='ltr' id='par_1_3' title="bbox 167 1280 1230 2887">
     <span class='ocr_line' id='line_1_9' title="bbox 209 1280 1223 1351; baseline -0.003 0"><span class='ocrx_word' id='word_1_61' title='bbox 209 1283 344 1351; x_wconf 88' lang='lat' dir='ltr'>Verum</span> <span class='ocrx_word' id='word_1_62' title='bbox 368 1281 518 1349; x_wconf 84' lang='lat' dir='ltr'><strong>diximus</strong></span> <span class='ocrx_word' id='word_1_63' title='bbox 540 1301 581 1349; x_wconf 88' lang='lat' dir='ltr'>ea</span> <span class='ocrx_word' id='word_1_64' title='bbox 601 1281 736 1349; x_wconf 89' lang='lat' dir='ltr'>ratione</span> <span class='ocrx_word' id='word_1_65' title='bbox 752 1281 935 1349; x_wconf 80' lang='lat' dir='ltr'>Platonem</span> <span class='ocrx_word' id='word_1_66' title='bbox 962 1281 1002 1349; x_wconf 93' lang='lat' dir='ltr'>in</span> <span class='ocrx_word' id='word_1_67' title='bbox 1026 1280 1223 1349; x_wconf 88' lang='lat' dir='ltr'>contrarias</span> 
     </span>
     <span class='ocr_line' id='line_1_10' title="bbox 167 1396 1223 1486; baseline -0.002 -20"><span class='ocrx_word' id='word_1_68' title='bbox 167 1398 360 1466; x_wconf 89' lang='lat' dir='ltr'>sententias</span> <span class='ocrx_word' id='word_1_69' title='bbox 375 1397 484 1465; x_wconf 88' lang='lat' dir='ltr'>abire.</span> <span class='ocrx_word' id='word_1_70' title='bbox 507 1396 598 1465; x_wconf 92' lang='lat' dir='ltr'>Illud</span> <span class='ocrx_word' id='word_1_71' title='bbox 613 1417 708 1465; x_wconf 91' lang='lat' dir='ltr'>nunc</span> <span class='ocrx_word' id='word_1_72' title='bbox 726 1397 968 1486; x_wconf 91' lang='lat' dir='ltr'>perspicuum;</span> <span class='ocrx_word' id='word_1_73' title='bbox 990 1397 1108 1466; x_wconf 90' lang='lat' dir='ltr'>anima</span> <span class='ocrx_word' id='word_1_74' title='bbox 1118 1396 1223 1464; x_wconf 85' lang='lat' dir='ltr'>enim</span> 
     </span>
     <span class='ocr_line' id='line_1_11' title="bbox 168 1512 1225 1602; baseline -0.003 -19"><span class='ocrx_word' id='word_1_75' title='bbox 168 1520 203 1584; x_wconf 92' lang='lat' dir='ltr'>et</span> <span class='ocrx_word' id='word_1_76' title='bbox 217 1515 309 1582; x_wconf 87' lang='lat' dir='ltr'>ratio</span> <span class='ocrx_word' id='word_1_77' title='bbox 327 1519 366 1582; x_wconf 77' lang='lat' dir='ltr'>&#39;et</span> <span class='ocrx_word' id='word_1_78' title='bbox 387 1513 444 1581; x_wconf 86' lang='lat' dir='ltr'>lex</span> <span class='ocrx_word' id='word_1_79' title='bbox 463 1512 673 1597; x_wconf 89' lang='lat' dir='ltr'>immobiles,</span> <span class='ocrx_word' id='word_1_80' title='bbox 689 1518 747 1580; x_wconf 87' lang='lat' dir='ltr'>aut</span> <span class='ocrx_word' id='word_1_81' title='bbox 772 1519 887 1580; x_wconf 90' lang='lat' dir='ltr'>motus</span> <span class='ocrx_word' id='word_1_82' title='bbox 905 1533 1046 1601; x_wconf 84' lang='lat' dir='ltr'>semper</span> <span class='ocrx_word' id='word_1_83' title='bbox 1060 1512 1225 1602; x_wconf 85' lang='lat' dir='ltr'>ejusdem</span> 
     </span>
     <span class='ocr_line' id='line_1_12' title="bbox 172 1628 1221 1719; baseline -0.003 -21"><span class='ocrx_word' id='word_1_84' title='bbox 172 1650 302 1698; x_wconf 85' lang='lat' dir='ltr'>causae.</span> <span class='ocrx_word' id='word_1_85' title='bbox 315 1628 461 1719; x_wconf 89' lang='lat' dir='ltr'>Corpus,</span> <span class='ocrx_word' id='word_1_86' title='bbox 477 1634 575 1717; x_wconf 87' lang='lat' dir='ltr'>parte</span> <span class='ocrx_word' id='word_1_87' title='bbox 592 1628 670 1714; x_wconf 89' lang='lat' dir='ltr'>alia,</span> <span class='ocrx_word' id='word_1_88' title='bbox 693 1628 885 1696; x_wconf 88' lang='lat' dir='ltr'>violentum</span> <span class='ocrx_word' id='word_1_89' title='bbox 908 1649 948 1698; x_wconf 87' lang='lat' dir='ltr'>ac</span> <span class='ocrx_word' id='word_1_90' title='bbox 962 1628 1221 1697; x_wconf 89' lang='lat' dir='ltr'>turbulentum.</span> 
     </span>
     <span class='ocr_line' id='line_1_13' title="bbox 171 1745 1223 1836; baseline -0.002 -21"><span class='ocrx_word' id='word_1_91' title='bbox 171 1745 349 1836; x_wconf 87' lang='lat' dir='ltr'><strong>Quidquid</strong></span> <span class='ocrx_word' id='word_1_92' title='bbox 363 1746 442 1814; x_wconf 85' lang='lat' dir='ltr'>vitae</span> <span class='ocrx_word' id='word_1_93' title='bbox 457 1746 632 1834; x_wconf 73' lang='lat' dir='ltr'>particeps</span> <span class='ocrx_word' id='word_1_94' title='bbox 648 1751 701 1813; x_wconf 87' lang='lat' dir='ltr'>est</span> <span class='ocrx_word' id='word_1_95' title='bbox 720 1745 870 1814; x_wconf 91' lang='lat' dir='ltr'>vidimus</span> <span class='ocrx_word' id='word_1_96' title='bbox 894 1745 1090 1814; x_wconf 90' lang='lat' dir='ltr'>secundum</span> <span class='ocrx_word' id='word_1_97' title='bbox 1102 1745 1223 1834; x_wconf 90' lang='lat' dir='ltr'>ipsum</span> 
     </span>
     <span class='ocr_line' id='line_1_14' title="bbox 167 1861 1223 1951; baseline 0 -20"><span class='ocrx_word' id='word_1_98' title='bbox 167 1863 350 1931; x_wconf 81' lang='lat' dir='ltr'>Platonem</span> <span class='ocrx_word' id='word_1_99' title='bbox 366 1882 491 1930; x_wconf 88' lang='lat' dir='ltr'>neuno</span> <span class='ocrx_word' id='word_1_100' title='bbox 500 1861 643 1949; x_wconf 89' lang='lat' dir='ltr'>quidem</span> <span class='ocrx_word' id='word_1_101' title='bbox 654 1862 822 1951; x_wconf 89' lang='lat' dir='ltr'>temporis</span> <span class='ocrx_word' id='word_1_102' title='bbox 832 1868 1011 1931; x_wconf 87' lang='lat' dir='ltr'>momento</span> <span class='ocrx_word' id='word_1_103' title='bbox 1023 1861 1119 1929; x_wconf 91' lang='lat' dir='ltr'>idem</span> <span class='ocrx_word' id='word_1_104' title='bbox 1127 1867 1223 1931; x_wconf 87' lang='lat' dir='ltr'>stare</span> 
     </span>
     <span class='ocr_line' id='line_1_15' title="bbox 168 1975 1226 2049; baseline -0.002 0"><span class='ocrx_word' id='word_1_105' title='bbox 168 1981 286 2049; x_wconf 87' lang='lat' dir='ltr'>acsibi</span> <span class='ocrx_word' id='word_1_106' title='bbox 299 1999 458 2047; x_wconf 84' lang='lat' dir='ltr'>concors.</span> <span class='ocrx_word' id='word_1_107' title='bbox 478 1978 565 2046; x_wconf 89' lang='lat' dir='ltr'>Inde</span> <span class='ocrx_word' id='word_1_108' title='bbox 584 1983 761 2046; x_wconf 85' lang='lat' dir='ltr'>certamen</span> <span class='ocrx_word' id='word_1_109' title='bbox 777 1998 858 2047; x_wconf 86' lang='lat' dir='ltr'>acre</span> <span class='ocrx_word' id='word_1_110' title='bbox 874 1980 1074 2048; x_wconf 88' lang='lat' dir='ltr'>necessario</span> <span class='ocrx_word' id='word_1_111' title='bbox 1089 1975 1226 2048; x_wconf 86' lang='lat' dir='ltr'>orietur</span> 
     </span>
     <span class='ocr_line' id='line_1_16' title="bbox 167 2093 1226 2182; baseline 0 -19"><span class='ocrx_word' id='word_1_112' title='bbox 167 2096 260 2163; x_wconf 87' lang='lat' dir='ltr'>inter</span> <span class='ocrx_word' id='word_1_113' title='bbox 270 2093 356 2162; x_wconf 90' lang='lat' dir='ltr'>duas</span> <span class='ocrx_word' id='word_1_114' title='bbox 367 2093 431 2161; x_wconf 92' lang='lat' dir='ltr'>has</span> <span class='ocrx_word' id='word_1_115' title='bbox 440 2112 526 2182; x_wconf 90' lang='lat' dir='ltr'>quas</span> <span class='ocrx_word' id='word_1_116' title='bbox 540 2112 640 2181; x_wconf 91' lang='lat' dir='ltr'>aeque</span> <span class='ocrx_word' id='word_1_117' title='bbox 652 2099 772 2160; x_wconf 85' lang='lat' dir='ltr'>noster</span> <span class='ocrx_word' id='word_1_118' title='bbox 782 2100 881 2162; x_wconf 86' lang='lat' dir='ltr'>vocat</span> <span class='ocrx_word' id='word_1_119' title='bbox 894 2101 1048 2181; x_wconf 86' lang='lat' dir='ltr'>naturas,</span> <span class='ocrx_word' id='word_1_120' title='bbox 1058 2100 1226 2164; x_wconf 88' lang='lat' dir='ltr'>naturam</span> 
     </span>
     <span class='ocr_line' id='line_1_17' title="bbox 169 2210 1225 2302; baseline 0.001 -22"><span class='ocrx_word' id='word_1_121' title='bbox 169 2211 302 2280; x_wconf 88' lang='lat' dir='ltr'>scilicet</span> <span class='ocrx_word' id='word_1_122' title='bbox 329 2230 547 2299; x_wconf 70' lang='lat' dir='ltr'>corpoream,</span> <span class='ocrx_word' id='word_1_123' title='bbox 577 2210 871 2300; x_wconf 89' lang='lat' dir='ltr'>alteramque(l).</span> <span class='ocrx_word' id='word_1_124' title='bbox 897 2211 1018 2302; x_wconf 88' lang='lat' dir='ltr'>Itaque</span> <span class='ocrx_word' id='word_1_125' title='bbox 1044 2211 1225 2302; x_wconf 84' lang='lat' dir='ltr'>politicam</span> 
     </span>
     <span class='ocr_line' id='line_1_18' title="bbox 169 2324 1230 2415; baseline 0.004 -23"><span class='ocrx_word' id='word_1_126' title='bbox 169 2325 363 2393; x_wconf 88' lang='lat' dir='ltr'>doctrinam</span> <span class='ocrx_word' id='word_1_127' title='bbox 377 2324 474 2391; x_wconf 90' lang='lat' dir='ltr'>illam</span> <span class='ocrx_word' id='word_1_128' title='bbox 488 2345 610 2392; x_wconf 88' lang='lat' dir='ltr'>secum</span> <span class='ocrx_word' id='word_1_129' title='bbox 627 2325 740 2412; x_wconf 92' lang='lat' dir='ltr'>ipsam</span> <span class='ocrx_word' id='word_1_130' title='bbox 760 2325 901 2413; x_wconf 89' lang='lat' dir='ltr'>penitus</span> <span class='ocrx_word' id='word_1_131' title='bbox 918 2345 1115 2414; x_wconf 84' lang='lat' dir='ltr'>repugnare</span> <span class='ocrx_word' id='word_1_132' title='bbox 1129 2331 1230 2415; x_wconf 87' lang='lat' dir='ltr'>patet</span> 
     </span>
     <span class='ocr_line' id='line_1_19' title="bbox 170 2440 1226 2530; baseline 0 -20"><span class='ocrx_word' id='word_1_133' title='bbox 170 2447 274 2530; x_wconf 86' lang='lat' dir='ltr'>atque</span> <span class='ocrx_word' id='word_1_134' title='bbox 294 2441 468 2509; x_wconf 87' lang='lat' dir='ltr'>civitatem</span> <span class='ocrx_word' id='word_1_135' title='bbox 484 2441 693 2529; x_wconf 86' lang='lat' dir='ltr'>exemplaris</span> <span class='ocrx_word' id='word_1_136' title='bbox 707 2440 801 2508; x_wconf 91' lang='lat' dir='ltr'>illius</span> <span class='ocrx_word' id='word_1_137' title='bbox 817 2441 860 2508; x_wconf 91' lang='lat' dir='ltr'>ad</span> <span class='ocrx_word' id='word_1_138' title='bbox 876 2441 1142 2510; x_wconf 89' lang='lat' dir='ltr'>similitudinem</span> <span class='ocrx_word' id='word_1_139' title='bbox 1159 2463 1226 2510; x_wconf 84' lang='lat' dir='ltr'>ex·</span> 
     </span>
     <span class='ocr_line' id='line_1_20' title="bbox 169 2554 1226 2647; baseline -0.001 -22"><span class='ocrx_word' id='word_1_140' title='bbox 169 2577 342 2647; x_wconf 83' lang='lat' dir='ltr'>pressam,</span> <span class='ocrx_word' id='word_1_141' title='bbox 360 2557 389 2624; x_wconf 92' lang='lat' dir='ltr'>si</span> <span class='ocrx_word' id='word_1_142' title='bbox 405 2557 539 2645; x_wconf 87' lang='lat' dir='ltr'>quasit,</span> <span class='ocrx_word' id='word_1_143' title='bbox 551 2575 623 2623; x_wconf 90' lang='lat' dir='ltr'>non</span> <span class='ocrx_word' id='word_1_144' title='bbox 635 2555 751 2624; x_wconf 91' lang='lat' dir='ltr'>minus</span> <span class='ocrx_word' id='word_1_145' title='bbox 766 2554 1026 2623; x_wconf 90' lang='lat' dir='ltr'>interioribello</span> <span class='ocrx_word' id='word_1_146' title='bbox 1044 2555 1200 2646; x_wconf 91' lang='lat' dir='ltr'>dirumpi</span> <span class='ocrx_word' id='word_1_147' title='bbox 1217 2580 1226 2624; x_wconf 90' lang='lat'>:</span> 
     </span>
     <span class='ocr_line' id='line_1_21' title="bbox 169 2671 1227 2762; baseline 0.002 -23"><span class='ocrx_word' id='word_1_148' title='bbox 169 2671 270 2740; x_wconf 86' lang='lat' dir='ltr'>itaut</span> <span class='ocrx_word' id='word_1_149' title='bbox 286 2693 449 2761; x_wconf 83' lang='lat' dir='ltr'>aecana,</span> <span class='ocrx_word' id='word_1_150' title='bbox 472 2693 539 2740; x_wconf 89' lang='lat' dir='ltr'>nec</span> <span class='ocrx_word' id='word_1_151' title='bbox 554 2672 687 2741; x_wconf 86' lang='lat' dir='ltr'>stabilis</span> <span class='ocrx_word' id='word_1_152' title='bbox 708 2692 786 2741; x_wconf 88' lang='lat' dir='ltr'>esse</span> <span class='ocrx_word' id='word_1_153' title='bbox 809 2673 931 2762; x_wconf 88' lang='lat' dir='ltr'>possit.</span> <span class='ocrx_word' id='word_1_154' title='bbox 950 2671 1053 2753; x_wconf 88' lang='lat' dir='ltr'>Quod</span> <span class='ocrx_word' id='word_1_155' title='bbox 1068 2678 1144 2742; x_wconf 91' lang='lat' dir='ltr'>erat</span> <span class='ocrx_word' id='word_1_156' title='bbox 1156 2693 1227 2741; x_wconf 93' lang='lat' dir='ltr'>no-</span> 
     </span>
     <span class='ocr_line' id='line_1_22' title="bbox 169 2788 725 2887; baseline -0.004 -30"><span class='ocrx_word' id='word_1_157' title='bbox 169 2788 225 2857; x_wconf 86' lang='lat' dir='ltr'>bis</span> <span class='ocrx_word' id='word_1_158' title='bbox 240 2788 482 2887; x_wconf 87' lang='lat' dir='ltr'>demonstrare</span> <span class='ocrx_word' id='word_1_159' title='bbox 495 2788 725 2878; x_wconf 87' lang='lat' dir='ltr'>propositum.</span> 
     </span>
    </p>
   </div>
   <div class='ocr_carea' id='block_1_3' title="bbox 204 3061 562 3127">
    <p class='ocr_par' dir='ltr' id='par_1_4' title="bbox 204 3061 562 3127">
     <span class='ocr_line' id='line_1_23' title="bbox 204 3061 562 3127; baseline -0.003 -14"><span class='ocrx_word' id='word_1_160' title='bbox 204 3064 239 3126; x_wconf 78' lang='lat' dir='ltr'>tt)</span> <span class='ocrx_word' id='word_1_161' title='bbox 255 3063 293 3114; x_wconf 78' lang='lat' dir='ltr'>Dc</span> <span class='ocrx_word' id='word_1_162' title='bbox 305 3061 421 3127; x_wconf 79' lang='lat' dir='ltr'>Lepidus,</span> <span class='ocrx_word' id='word_1_163' title='bbox 432 3065 488 3125; x_wconf 77' lang='lat'>892,</span> <span class='ocrx_word' id='word_1_164' title='bbox 500 3076 525 3121; x_wconf 85' lang='lat' dir='ltr'>a,</span> <span class='ocrx_word' id='word_1_165' title='bbox 538 3061 562 3112; x_wconf 84' lang='lat' dir='ltr'>b.</span> 
     </span>
    </p>
   </div>
   <div class='ocr_carea' id='block_1_4' title="bbox 0 0 1404 4576">
    <p class='ocr_par' dir='ltr' id='par_1_5' title="bbox 0 0 1404 4576">
     <span class='ocr_line' id='line_1_24' title="bbox 0 0 1404 4576; baseline 0 0"><span class='ocrx_word' id='word_1_166' title='bbox 0 0 1404 4576; x_wconf 95' lang='lat' dir='ltr'> </span> 
     </span>
    </p>
   </div>
  </div>
 </body>
</html>
