<?xml version="1.0" encoding="UTF-8"?>
<!DOCTYPE html PUBLIC "-//W3C//DTD XHTML 1.0 Transitional//EN"
    "http://www.w3.org/TR/xhtml1/DTD/xhtml1-transitional.dtd">
<html xmlns="http://www.w3.org/1999/xhtml" xml:lang="en" lang="en">
 <head>
  <title>
</title>
<meta http-equiv="Content-Type" content="text/html;charset=utf-8" />
  <meta name='ocr-system' content='tesseract 3.04.00' />
  <meta name='ocr-capabilities' content='ocr_page ocr_carea ocr_par ocr_line ocrx_word'/>
</head>
<body>
  <div class='ocr_page' id='page_1' title='image "./decivitateapudp00espigoog_0091.png"; bbox 0 0 2782 4576; ppageno 0'>
   <div class='ocr_carea' id='block_1_1' title="bbox 550 335 773 397">
    <p class='ocr_par' dir='ltr' id='par_1_1' title="bbox 550 335 773 397">
     <span class='ocr_line' id='line_1_1' title="bbox 550 335 773 397; baseline 0 -24"><span class='ocrx_word' id='word_1_1' title='bbox 550 335 773 397; x_wconf 68' lang='lat'>...84-</span> 
     </span>
    </p>
   </div>
   <div class='ocr_carea' id='block_1_2' title="bbox 777 416 795 447">
    <p class='ocr_par' dir='ltr' id='par_1_2' title="bbox 777 416 795 447">
     <span class='ocr_line' id='line_1_2' title="bbox 777 416 795 447; baseline 0 0"><span class='ocrx_word' id='word_1_2' title='bbox 777 416 795 447; x_wconf 78' lang='lat'><em>0</em></span> 
     </span>
    </p>
   </div>
   <div class='ocr_carea' id='block_1_3' title="bbox 125 456 1308 4055">
    <p class='ocr_par' dir='ltr' id='par_1_3' title="bbox 125 456 1289 2182">
     <span class='ocr_line' id='line_1_3' title="bbox 162 456 1245 560; baseline 0.002 -19"><span class='ocrx_word' id='word_1_3' title='bbox 162 473 284 541; x_wconf 82' lang='lat' dir='ltr'>morali</span> <span class='ocrx_word' id='word_1_4' title='bbox 319 471 478 540; x_wconf 85' lang='lat' dir='ltr'>doctrina</span> <span class='ocrx_word' id='word_1_5' title='bbox 511 456 628 540; x_wconf 81' lang='lat' dir='ltr'>statim</span> <span class='ocrx_word' id='word_1_6' title='bbox 660 469 898 560; x_wconf 79' lang='lat' dir='ltr'>praestandum</span> <span class='ocrx_word' id='word_1_7' title='bbox 934 471 1035 540; x_wconf 91' lang='lat' dir='ltr'>nobis</span> <span class='ocrx_word' id='word_1_8' title='bbox 1067 477 1143 560; x_wconf 87' lang='lat' dir='ltr'>est,</span> <span class='ocrx_word' id='word_1_9' title='bbox 1174 478 1245 543; x_wconf 81' lang='lat' dir='ltr'>&#39;et&#39;</span> 
     </span>
     <span class='ocr_line' id='line_1_4' title="bbox 125 585 1220 677; baseline 0.003 -22"><span class='ocrx_word' id='word_1_10' title='bbox 125 647 130 663; x_wconf 78' lang='grc'>,</span> <span class='ocrx_word' id='word_1_11' title='bbox 162 585 1220 677; x_wconf 81' lang='lat' dir='ltr'>culpaenobisvertendumsitinbocperficiendovelheerere,</span> 
     </span>
     <span class='ocr_line' id='line_1_5' title="bbox 163 702 1289 793; baseline 0.002 -22"><span class='ocrx_word' id='word_1_12' title='bbox 163 703 296 771; x_wconf 92' lang='lat' dir='ltr'>nedum</span> <span class='ocrx_word' id='word_1_13' title='bbox 316 704 360 772; x_wconf 91' lang='lat' dir='ltr'>sit</span> <span class='ocrx_word' id='word_1_14' title='bbox 385 709 523 772; x_wconf 87' lang='lat' dir='ltr'>rectum</span> <span class='ocrx_word' id='word_1_15' title='bbox 557 702 672 793; x_wconf 86' lang='lat' dir='ltr'>legem</span> <span class='ocrx_word' id='word_1_16' title='bbox 697 703 916 792; x_wconf 84' lang='lat' dir='ltr'><strong>temporibus</strong></span> <span class='ocrx_word' id='word_1_17' title='bbox 936 704 1220 783; x_wconf 84' lang='lat' dir='ltr'>accommodare.</span> <span class='ocrx_word' id='word_1_18' title='bbox 1286 704 1289 710; x_wconf 84' lang='grc'><strong>’</strong></span> 
     </span>
     <span class='ocr_line' id='line_1_6' title="bbox 162 818 1224 909; baseline 0 -21"><span class='ocrx_word' id='word_1_19' title='bbox 162 820 306 890; x_wconf 78' lang='lat' dir='ltr'>Frustra</span> <span class='ocrx_word' id='word_1_20' title='bbox 318 820 440 908; x_wconf 89' lang='lat' dir='ltr'>objicis</span> <span class='ocrx_word' id='word_1_21' title='bbox 453 820 570 888; x_wconf 87' lang='lat' dir='ltr'>ideam</span> <span class='ocrx_word' id='word_1_22' title='bbox 585 818 688 909; x_wconf 80' lang='lat' dir='ltr'>longe</span> <span class='ocrx_word' id='word_1_23' title='bbox 704 823 742 886; x_wconf 87' lang='lat' dir='ltr'>ut</span> <span class='ocrx_word' id='word_1_24' title='bbox 756 820 804 888; x_wconf 89' lang='lat' dir='ltr'>ita</span> <span class='ocrx_word' id='word_1_25' title='bbox 821 819 933 886; x_wconf 87' lang='lat' dir='ltr'>dicam</span> <span class='ocrx_word' id='word_1_26' title='bbox 947 824 1027 887; x_wconf 88' lang='lat' dir='ltr'>unte</span> <span class='ocrx_word' id='word_1_27' title='bbox 1041 819 1135 887; x_wconf 84' lang='lat' dir='ltr'>viam</span> <span class='ocrx_word' id='word_1_28' title='bbox 1150 825 1224 889; x_wconf 87' lang='lat' dir='ltr'>sta·</span> 
     </span>
     <span class='ocr_line' id='line_1_7' title="bbox 162 935 1224 1024; baseline 0.001 -20"><span class='ocrx_word' id='word_1_29' title='bbox 162 956 214 1022; x_wconf 90' lang='lat' dir='ltr'>re,</span> <span class='ocrx_word' id='word_1_30' title='bbox 229 955 334 1024; x_wconf 84' lang='lat' dir='ltr'>quem</span> <span class='ocrx_word' id='word_1_31' title='bbox 350 956 415 1003; x_wconf 91' lang='lat' dir='ltr'>nos</span> <span class='ocrx_word' id='word_1_32' title='bbox 429 935 645 1024; x_wconf 73' lang='lat' dir='ltr'>pedetentim</span> <span class='ocrx_word' id='word_1_33' title='bbox 660 955 700 1003; x_wconf 88' lang='lat' dir='ltr'>ac</span> <span class='ocrx_word' id='word_1_34' title='bbox 716 941 886 1023; x_wconf 85' lang='lat' dir='ltr'>quantum</span> <span class='ocrx_word' id='word_1_35' title='bbox 898 955 969 1003; x_wconf 95' lang='lat' dir='ltr'>non</span> <span class='ocrx_word' id='word_1_36' title='bbox 983 956 1001 1002; x_wconf 84' lang='lat' dir='ltr'>u</span> <span class='ocrx_word' id='word_1_37' title='bbox 1017 935 1123 1004; x_wconf 85' lang='lat' dir='ltr'>noxia</span> <span class='ocrx_word' id='word_1_38' title='bbox 1143 957 1224 1005; x_wconf 90' lang='lat' dir='ltr'>eor·</span> 
     </span>
     <span class='ocr_line' id='line_1_8' title="bbox 162 1051 1222 1142; baseline 0.001 -23"><span class='ocrx_word' id='word_1_39' title='bbox 162 1072 249 1142; x_wconf 87' lang='lat' dir='ltr'>pore</span> <span class='ocrx_word' id='word_1_40' title='bbox 264 1052 404 1120; x_wconf 82' lang='lat' dir='ltr'>tardant</span> <span class='ocrx_word' id='word_1_41' title='bbox 421 1073 437 1118; x_wconf 74' lang='lat' dir='ltr'>&gt;r</span> <span class='ocrx_word' id='word_1_42' title='bbox 455 1052 649 1120; x_wconf 84' lang='lat' dir='ltr'>assecuturi</span> <span class='ocrx_word' id='word_1_43' title='bbox 664 1072 800 1120; x_wconf 89' lang='lat' dir='ltr'>sumus.</span> <span class='ocrx_word' id='word_1_44' title='bbox 816 1052 892 1120; x_wconf 90' lang='lat' dir='ltr'>Hoc</span> <span class='ocrx_word' id='word_1_45' title='bbox 905 1051 1049 1140; x_wconf 85' lang='lat' dir='ltr'>quidem</span> <span class='ocrx_word' id='word_1_46' title='bbox 1065 1058 1222 1141; x_wconf 89' lang='lat' dir='ltr'>rectum,</span> 
     </span>
     <span class='ocr_line' id='line_1_9' title="bbox 163 1166 1227 1257; baseline 0.003 -22"><span class='ocrx_word' id='word_1_47' title='bbox 163 1168 194 1235; x_wconf 92' lang='lat' dir='ltr'>si</span> <span class='ocrx_word' id='word_1_48' title='bbox 209 1168 253 1235; x_wconf 89' lang='lat' dir='ltr'>sit</span> <span class='ocrx_word' id='word_1_49' title='bbox 266 1169 346 1236; x_wconf 85' lang='lat' dir='ltr'>idea</span> <span class='ocrx_word' id='word_1_50' title='bbox 367 1166 541 1257; x_wconf 82' lang='lat' dir='ltr'>cupidinis</span> <span class='ocrx_word' id='word_1_51' title='bbox 563 1173 691 1238; x_wconf 82' lang='lat' dir='ltr'>nostrae</span> <span class='ocrx_word' id='word_1_52' title='bbox 717 1167 761 1235; x_wconf 82' lang='lat' dir='ltr'>ad</span> <span class='ocrx_word' id='word_1_53' title='bbox 785 1167 936 1257; x_wconf 78' lang='lat' dir='ltr'>effigiem</span> <span class='ocrx_word' id='word_1_54' title='bbox 956 1167 1107 1256; x_wconf 86' lang='lat' dir='ltr'>depicta,</span> <span class='ocrx_word' id='word_1_55' title='bbox 1131 1168 1162 1235; x_wconf 87' lang='lat' dir='ltr'>si</span> <span class='ocrx_word' id='word_1_56' title='bbox 1178 1169 1227 1238; x_wconf 88' lang='lat' dir='ltr'>sit</span> 
     </span>
     <span class='ocr_line' id='line_1_10' title="bbox 163 1281 1227 1372; baseline 0.002 -20"><span class='ocrx_word' id='word_1_57' title='bbox 163 1284 243 1352; x_wconf 86' lang='lat' dir='ltr'>idea</span> <span class='ocrx_word' id='word_1_58' title='bbox 265 1289 397 1351; x_wconf 80' lang='lat' dir='ltr'>uotum.</span> <span class='ocrx_word' id='word_1_59' title='bbox 422 1282 468 1351; x_wconf 86' lang='lat' dir='ltr'>At</span> <span class='ocrx_word' id='word_1_60' title='bbox 488 1281 568 1351; x_wconf 85' lang='lat' dir='ltr'>idea</span> <span class='ocrx_word' id='word_1_61' title='bbox 593 1283 739 1351; x_wconf 84' lang='lat' dir='ltr'>rationis</span> <span class='ocrx_word' id='word_1_62' title='bbox 759 1283 949 1372; x_wconf 89' lang='lat' dir='ltr'>imperium</span> <span class='ocrx_word' id='word_1_63' title='bbox 971 1288 1049 1367; x_wconf 85' lang='lat' dir='ltr'>stat,</span> <span class='ocrx_word' id='word_1_64' title='bbox 1071 1302 1140 1351; x_wconf 87' lang='lat' dir='ltr'>nec</span> <span class='ocrx_word' id='word_1_65' title='bbox 1158 1284 1227 1354; x_wconf 90' lang='lat' dir='ltr'>tibi</span> 
     </span>
     <span class='ocr_line' id='line_1_11' title="bbox 163 1399 1226 1489; baseline 0.003 -22"><span class='ocrx_word' id='word_1_66' title='bbox 163 1399 297 1467; x_wconf 90' lang='lat' dir='ltr'>licitum</span> <span class='ocrx_word' id='word_1_67' title='bbox 312 1419 390 1466; x_wconf 87' lang='lat' dir='ltr'>eam</span> <span class='ocrx_word' id='word_1_68' title='bbox 416 1399 528 1488; x_wconf 82' lang='lat' dir='ltr'>magis</span> <span class='ocrx_word' id='word_1_69' title='bbox 549 1420 655 1487; x_wconf 87' lang='lat' dir='ltr'>quern</span> <span class='ocrx_word' id='word_1_70' title='bbox 674 1400 790 1489; x_wconf 91' lang='lat' dir='ltr'>ipsum</span> <span class='ocrx_word' id='word_1_71' title='bbox 811 1399 964 1467; x_wconf 83' lang='lat' dir='ltr'>officium</span> <span class='ocrx_word' id='word_1_72' title='bbox 993 1400 1031 1467; x_wconf 91' lang='lat' dir='ltr'>in</span> <span class='ocrx_word' id='word_1_73' title='bbox 1054 1399 1226 1470; x_wconf 83' lang='lat' dir='ltr'>calendas</span> 
     </span>
     <span class='ocr_line' id='line_1_12' title="bbox 165 1514 1226 1606; baseline 0.003 -24"><span class='ocrx_word' id='word_1_74' title='bbox 165 1535 297 1606; x_wconf 74' lang='lat' dir='ltr'>graecas</span> <span class='ocrx_word' id='word_1_75' title='bbox 312 1536 495 1604; x_wconf 81' lang='lat' dir='ltr'>reponere.</span> <span class='ocrx_word' id='word_1_76' title='bbox 524 1514 625 1597; x_wconf 86' lang='lat' dir='ltr'>Quod</span> <span class='ocrx_word' id='word_1_77' title='bbox 649 1516 679 1583; x_wconf 89' lang='lat' dir='ltr'>si</span> <span class='ocrx_word' id='word_1_78' title='bbox 702 1515 890 1605; x_wconf 83' lang='lat' dir='ltr'>praescntiu</span> <span class='ocrx_word' id='word_1_79' title='bbox 913 1521 1070 1604; x_wconf 86' lang='lat' dir='ltr'>tempora</span> <span class='ocrx_word' id='word_1_80' title='bbox 1097 1521 1226 1585; x_wconf 87' lang='lat' dir='ltr'>contra</span> 
     </span>
     <span class='ocr_line' id='line_1_13' title="bbox 164 1630 1230 1720; baseline 0.002 -20"><span class='ocrx_word' id='word_1_81' title='bbox 164 1632 256 1700; x_wconf 86' lang='lat' dir='ltr'>hanc</span> <span class='ocrx_word' id='word_1_82' title='bbox 270 1632 488 1715; x_wconf 90' lang='lat' dir='ltr'>obnituntur,</span> <span class='ocrx_word' id='word_1_83' title='bbox 507 1632 637 1699; x_wconf 87' lang='lat' dir='ltr'>idcirco</span> <span class='ocrx_word' id='word_1_84' title='bbox 653 1652 725 1699; x_wconf 93' lang='lat' dir='ltr'>non</span> <span class='ocrx_word' id='word_1_85' title='bbox 748 1630 923 1720; x_wconf 82' lang='lat' dir='ltr'>culpanda</span> <span class='ocrx_word' id='word_1_86' title='bbox 936 1631 1020 1699; x_wconf 86' lang='lat' dir='ltr'>Idea</span> <span class='ocrx_word' id='word_1_87' title='bbox 1033 1650 1109 1719; x_wconf 87' lang='lat' dir='ltr'>quae</span> <span class='ocrx_word' id='word_1_88' title='bbox 1122 1631 1230 1702; x_wconf 87' lang='lat' dir='ltr'>abso·</span> 
     </span>
     <span class='ocr_line' id='line_1_14' title="bbox 164 1746 1226 1836; baseline 0.002 -20"><span class='ocrx_word' id='word_1_89' title='bbox 164 1748 237 1816; x_wconf 86' lang='lat' dir='ltr'>luta</span> <span class='ocrx_word' id='word_1_90' title='bbox 251 1749 307 1835; x_wconf 87' lang='lat' dir='ltr'>sit,</span> <span class='ocrx_word' id='word_1_91' title='bbox 318 1747 380 1815; x_wconf 90' lang='lat' dir='ltr'>sed</span> <span class='ocrx_word' id='word_1_92' title='bbox 396 1746 569 1835; x_wconf 81' lang='lat' dir='ltr'>culpanda</span> <span class='ocrx_word' id='word_1_93' title='bbox 583 1753 742 1836; x_wconf 83' lang='lat' dir='ltr'>tempore</span> <span class='ocrx_word' id='word_1_94' title='bbox 756 1767 796 1815; x_wconf 84' lang='lat' dir='ltr'>ac</span> <span class='ocrx_word' id='word_1_95' title='bbox 810 1748 932 1814; x_wconf 91' lang='lat' dir='ltr'>vitium</span> <span class='ocrx_word' id='word_1_96' title='bbox 944 1747 1126 1815; x_wconf 90' lang='lat' dir='ltr'>bominum</span> <span class='ocrx_word' id='word_1_97' title='bbox 1142 1767 1226 1818; x_wconf 86' lang='lat' dir='ltr'>con·</span> 
     </span>
     <span class='ocr_line' id='line_1_15' title="bbox 167 1862 1226 1952; baseline 0.004 -22"><span class='ocrx_word' id='word_1_98' title='bbox 167 1862 419 1930; x_wconf 85' lang='lat' dir='ltr'>demnandum.</span> <span class='ocrx_word' id='word_1_99' title='bbox 438 1863 610 1931; x_wconf 87' lang='lat' dir='ltr'>Homines</span> <span class='ocrx_word' id='word_1_100' title='bbox 630 1883 721 1931; x_wconf 82' lang='lat' dir='ltr'>noxe</span> <span class='ocrx_word' id='word_1_101' title='bbox 741 1863 856 1930; x_wconf 87' lang='lat' dir='ltr'>exime</span> <span class='ocrx_word' id='word_1_102' title='bbox 876 1885 882 1930; x_wconf 94' lang='lat'>:</span> <span class='ocrx_word' id='word_1_103' title='bbox 905 1863 977 1951; x_wconf 86' lang='lat' dir='ltr'>jam</span> <span class='ocrx_word' id='word_1_104' title='bbox 991 1863 1074 1931; x_wconf 85' lang='lat' dir='ltr'>Idea</span> <span class='ocrx_word' id='word_1_105' title='bbox 1087 1884 1166 1952; x_wconf 67' lang='lat' dir='ltr'>quse</span> <span class='ocrx_word' id='word_1_106' title='bbox 1185 1886 1226 1935; x_wconf 87' lang='lat' dir='ltr'>sc</span> 
     </span>
     <span class='ocr_line' id='line_1_16' title="bbox 165 1976 1225 2067; baseline 0.005 -24"><span class='ocrx_word' id='word_1_107' title='bbox 165 1977 349 2044; x_wconf 89' lang='lat' dir='ltr'>hominum</span> <span class='ocrx_word' id='word_1_108' title='bbox 378 1977 615 2065; x_wconf 80' lang='lat' dir='ltr'>cupidinibus,</span> <span class='ocrx_word' id='word_1_109' title='bbox 644 1996 716 2043; x_wconf 92' lang='lat' dir='ltr'>non</span> <span class='ocrx_word' id='word_1_110' title='bbox 739 1976 807 2043; x_wconf 90' lang='lat' dir='ltr'>sibi</span> <span class='ocrx_word' id='word_1_111' title='bbox 828 1976 1012 2045; x_wconf 91' lang='lat' dir='ltr'>bominum</span> <span class='ocrx_word' id='word_1_112' title='bbox 1037 1977 1225 2067; x_wconf 84' lang='lat' dir='ltr'>cupidines</span> 
     </span>
     <span class='ocr_line' id='line_1_17' title="bbox 167 2092 1091 2182; baseline 0.002 -22"><span class='ocrx_word' id='word_1_113' title='bbox 167 2093 360 2180; x_wconf 80' lang='lat' dir='ltr'>submittet,</span> <span class='ocrx_word' id='word_1_114' title='bbox 379 2113 447 2182; x_wconf 89' lang='lat' dir='ltr'>quo</span> <span class='ocrx_word' id='word_1_115' title='bbox 463 2099 564 2182; x_wconf 86' lang='lat' dir='ltr'>pacto</span> <span class='ocrx_word' id='word_1_116' title='bbox 581 2094 686 2161; x_wconf 88' lang='lat' dir='ltr'>etiam</span> <span class='ocrx_word' id='word_1_117' title='bbox 703 2092 863 2161; x_wconf 81' lang='lat' dir='ltr'>absoluta</span> <span class='ocrx_word' id='word_1_118' title='bbox 877 2093 1091 2162; x_wconf 75' lang='lat' dir='ltr'>habebitur-‘2</span> 
     </span>
    </p>

    <p class='ocr_par' dir='ltr' id='par_1_4' title="bbox 159 2199 1308 4055">
     <span class='ocr_line' id='line_1_18' title="bbox 210 2199 1226 2312; baseline 0.005 -24"><span class='ocrx_word' id='word_1_119' title='bbox 210 2221 303 2310; x_wconf 81' lang='lat' dir='ltr'>Ergo</span> <span class='ocrx_word' id='word_1_120' title='bbox 326 2221 377 2309; x_wconf 84' lang='lat' dir='ltr'>(at</span> <span class='ocrx_word' id='word_1_121' title='bbox 391 2221 478 2289; x_wconf 88' lang='lat' dir='ltr'>illud</span> <span class='ocrx_word' id='word_1_122' title='bbox 488 2242 572 2290; x_wconf 79' lang='lat' dir='ltr'>vom</span> <span class='ocrx_word' id='word_1_123' title='bbox 583 2199 768 2310; x_wconf 76' lang='lat' dir='ltr'>miserum)</span> <span class='ocrx_word' id='word_1_124' title='bbox 784 2222 954 2312; x_wconf 89' lang='lat' dir='ltr'>quidquid</span> <span class='ocrx_word' id='word_1_125' title='bbox 966 2222 1058 2291; x_wconf 82' lang='lat' dir='ltr'>Ideae</span> <span class='ocrx_word' id='word_1_126' title='bbox 1072 2222 1226 2311; x_wconf 89' lang='lat' dir='ltr'>imperio</span> 
     </span>
     <span class='ocr_line' id='line_1_19' title="bbox 167 2331 1228 2427; baseline 0.004 -22"><span class='ocrx_word' id='word_1_127' title='bbox 167 2331 1228 2427; x_wconf 80' lang='lat' dir='ltr'>obstatinrepubiicarecidendum.Frustrasaeculorumlon-</span> 
     </span>
     <span class='ocr_line' id='line_1_20' title="bbox 168 2455 1230 2544; baseline 0.004 -22"><span class='ocrx_word' id='word_1_128' title='bbox 168 2475 232 2544; x_wconf 83' lang='lat' dir='ltr'>gus</span> <span class='ocrx_word' id='word_1_129' title='bbox 249 2475 334 2523; x_wconf 90' lang='lat' dir='ltr'>usus</span> <span class='ocrx_word' id='word_1_130' title='bbox 349 2461 384 2522; x_wconf 88' lang='lat' dir='ltr'>et</span> <span class='ocrx_word' id='word_1_131' title='bbox 397 2455 631 2523; x_wconf 91' lang='lat' dir='ltr'>humanorum</span> <span class='ocrx_word' id='word_1_132' title='bbox 648 2475 809 2524; x_wconf 88' lang='lat' dir='ltr'>errorum</span> <span class='ocrx_word' id='word_1_133' title='bbox 825 2455 1078 2543; x_wconf 82' lang='lat' dir='ltr'>spectaculum,</span> <span class='ocrx_word' id='word_1_134' title='bbox 1094 2455 1230 2526; x_wconf 83' lang='lat' dir='ltr'>frustra</span> 
     </span>
     <span class='ocr_line' id='line_1_21' title="bbox 169 2573 1227 2663; baseline 0.002 -22"><span class='ocrx_word' id='word_1_135' title='bbox 169 2594 295 2641; x_wconf 86' lang='lat' dir='ltr'>sensus</span> <span class='ocrx_word' id='word_1_136' title='bbox 311 2574 504 2642; x_wconf 86' lang='lat' dir='ltr'>alienorum</span> <span class='ocrx_word' id='word_1_137' title='bbox 517 2574 677 2642; x_wconf 86' lang='lat' dir='ltr'>doiorum</span> <span class='ocrx_word' id='word_1_138' title='bbox 690 2574 801 2663; x_wconf 82' lang='lat' dir='ltr'>magis</span> <span class='ocrx_word' id='word_1_139' title='bbox 817 2593 857 2642; x_wconf 85' lang='lat' dir='ltr'>ac</span> <span class='ocrx_word' id='word_1_140' title='bbox 885 2575 997 2662; x_wconf 81' lang='lat' dir='ltr'>magis</span> <span class='ocrx_word' id='word_1_141' title='bbox 1022 2573 1227 2663; x_wconf 80' lang='lat' dir='ltr'>impatienS,</span> 
     </span>
     <span class='ocr_line' id='line_1_22' title="bbox 168 2690 1232 2782; baseline 0.002 -24"><span class='ocrx_word' id='word_1_142' title='bbox 168 2690 296 2758; x_wconf 81' lang='lat' dir='ltr'>trustra</span> <span class='ocrx_word' id='word_1_143' title='bbox 310 2691 415 2759; x_wconf 92' lang='lat' dir='ltr'>homo</span> <span class='ocrx_word' id='word_1_144' title='bbox 433 2691 569 2758; x_wconf 91' lang='lat' dir='ltr'>homini</span> <span class='ocrx_word' id='word_1_145' title='bbox 590 2712 733 2782; x_wconf 79' lang='lat' dir='ltr'>semper</span> <span class='ocrx_word' id='word_1_146' title='bbox 752 2692 866 2759; x_wconf 86' lang='lat' dir='ltr'>carior</span> <span class='ocrx_word' id='word_1_147' title='bbox 883 2711 948 2758; x_wconf 92' lang='lat' dir='ltr'>nos</span> <span class='ocrx_word' id='word_1_148' title='bbox 973 2691 1232 2760; x_wconf 88' lang='lat' dir='ltr'>conscientiam</span> 
     </span>
     <span class='ocr_line' id='line_1_23' title="bbox 170 2789 1232 2896; baseline -0.001 -21"><span class='ocrx_word' id='word_1_149' title='bbox 170 2789 338 2896; x_wconf 68' lang='lat' dir='ltr'>cujusque</span> <span class='ocrx_word' id='word_1_150' title='bbox 358 2809 472 2875; x_wconf 87' lang='lat' dir='ltr'>vereri</span> <span class='ocrx_word' id='word_1_151' title='bbox 495 2808 638 2875; x_wconf 87' lang='lat' dir='ltr'>docuit:</span> <span class='ocrx_word' id='word_1_152' title='bbox 662 2813 787 2876; x_wconf 88' lang='lat' dir='ltr'>contra</span> <span class='ocrx_word' id='word_1_153' title='bbox 817 2807 986 2876; x_wconf 76' lang='lat' dir='ltr'>obnititur</span> <span class='ocrx_word' id='word_1_154' title='bbox 1005 2827 1071 2874; x_wconf 85' lang='lat' dir='ltr'>vox</span> <span class='ocrx_word' id='word_1_155' title='bbox 1092 2805 1232 2896; x_wconf 91' lang='lat' dir='ltr'>impor-</span> 
     </span>
     <span class='ocr_line' id='line_1_24' title="bbox 171 2917 1231 3012; baseline 0 -21"><span class='ocrx_word' id='word_1_156' title='bbox 171 2929 256 2992; x_wconf 84' lang='lat' dir='ltr'>tune</span> <span class='ocrx_word' id='word_1_157' title='bbox 277 2924 399 2990; x_wconf 89' lang='lat' dir='ltr'>dicens</span> <span class='ocrx_word' id='word_1_158' title='bbox 418 2949 424 2987; x_wconf 92' lang='lat'>:</span> <span class='ocrx_word' id='word_1_159' title='bbox 443 2923 520 2991; x_wconf 84' lang='lat' dir='ltr'>Fiat</span> <span class='ocrx_word' id='word_1_160' title='bbox 544 2924 691 3012; x_wconf 86' lang='lat' dir='ltr'>justitia,</span> <span class='ocrx_word' id='word_1_161' title='bbox 718 2917 840 3012; x_wconf 88' lang='lat' dir='ltr'>pereat</span> <span class='ocrx_word' id='word_1_162' title='bbox 853 2922 1022 2991; x_wconf 88' lang='lat' dir='ltr'>mundus!</span> <span class='ocrx_word' id='word_1_163' title='bbox 1041 2922 1134 2991; x_wconf 91' lang='lat' dir='ltr'>Hinc</span> <span class='ocrx_word' id='word_1_164' title='bbox 1154 2923 1231 2991; x_wconf 87' lang='lat' dir='ltr'>eni·</span> 
     </span>
     <span class='ocr_line' id='line_1_25' title="bbox 170 3035 1308 3130; baseline 0 -24"><span class='ocrx_word' id='word_1_165' title='bbox 170 3058 250 3106; x_wconf 90' lang='lat' dir='ltr'>mus</span> <span class='ocrx_word' id='word_1_166' title='bbox 268 3036 453 3104; x_wconf 88' lang='lat' dir='ltr'>hominum</span> <span class='ocrx_word' id='word_1_167' title='bbox 482 3056 584 3104; x_wconf 85' lang='lat' dir='ltr'>sacer</span> <span class='ocrx_word' id='word_1_168' title='bbox 611 3037 689 3125; x_wconf 87' lang='lat' dir='ltr'>ipse</span> <span class='ocrx_word' id='word_1_169' title='bbox 720 3036 763 3105; x_wconf 88' lang='lat' dir='ltr'>ab</span> <span class='ocrx_word' id='word_1_170' title='bbox 784 3036 1107 3121; x_wconf 86' lang='lat' dir='ltr'>Ideamonstretur,</span> <span class='ocrx_word' id='word_1_171' title='bbox 1130 3035 1233 3106; x_wconf 90' lang='lat' dir='ltr'>illinc</span> <span class='ocrx_word' id='word_1_172' title='bbox 1304 3124 1308 3130; x_wconf 26' lang='grc' dir='ltr'>Ι</span> 
     </span>
     <span class='ocr_line' id='line_1_26' title="bbox 170 3151 1232 3240; baseline 0.001 -20"><span class='ocrx_word' id='word_1_173' title='bbox 170 3153 239 3220; x_wconf 82' lang='lat' dir='ltr'>vita</span> <span class='ocrx_word' id='word_1_174' title='bbox 264 3152 451 3219; x_wconf 91' lang='lat' dir='ltr'>bominum</span> <span class='ocrx_word' id='word_1_175' title='bbox 476 3157 598 3240; x_wconf 86' lang='lat' dir='ltr'>utpote</span> <span class='ocrx_word' id='word_1_176' title='bbox 625 3171 704 3240; x_wconf 87' lang='lat' dir='ltr'>quee</span> <span class='ocrx_word' id='word_1_177' title='bbox 742 3151 830 3219; x_wconf 90' lang='lat' dir='ltr'>nihil</span> <span class='ocrx_word' id='word_1_178' title='bbox 858 3152 901 3219; x_wconf 84' lang='lat' dir='ltr'>ad</span> <span class='ocrx_word' id='word_1_179' title='bbox 930 3172 988 3220; x_wconf 87' lang='lat' dir='ltr'>res</span> <span class='ocrx_word' id='word_1_180' title='bbox 1015 3170 1232 3240; x_wconf 85' lang='lat' dir='ltr'>supremun-</span> 
     </span>
     <span class='ocr_line' id='line_1_27' title="bbox 172 3267 1228 3357; baseline 0.001 -20"><span class='ocrx_word' id='word_1_181' title='bbox 172 3269 280 3337; x_wconf 84' lang='lat' dir='ltr'>denas</span> <span class='ocrx_word' id='word_1_182' title='bbox 303 3273 449 3357; x_wconf 83' lang='lat' dir='ltr'>spectet,</span> <span class='ocrx_word' id='word_1_183' title='bbox 478 3269 568 3336; x_wconf 90' lang='lat' dir='ltr'>vilis.</span> <span class='ocrx_word' id='word_1_184' title='bbox 605 3268 731 3339; x_wconf 83' lang='lat' dir='ltr'>Omnia</span> <span class='ocrx_word' id='word_1_185' title='bbox 770 3269 833 3337; x_wconf 87' lang='lat' dir='ltr'>tibi</span> <span class='ocrx_word' id='word_1_186' title='bbox 854 3267 1012 3336; x_wconf 87' lang='lat' dir='ltr'>doctrina</span> <span class='ocrx_word' id='word_1_187' title='bbox 1039 3268 1228 3357; x_wconf 82' lang='lat' dir='ltr'>permissa,</span> 
     </span>
     <span class='ocr_line' id='line_1_28' title="bbox 171 3385 1228 3476; baseline -0.001 -21"><span class='ocrx_word' id='word_1_188' title='bbox 171 3387 255 3455; x_wconf 90' lang='lat' dir='ltr'>dum</span> <span class='ocrx_word' id='word_1_189' title='bbox 268 3386 316 3453; x_wconf 89' lang='lat' dir='ltr'>sis</span> <span class='ocrx_word' id='word_1_190' title='bbox 331 3385 496 3454; x_wconf 87' lang='lat' dir='ltr'>conscius</span> <span class='ocrx_word' id='word_1_191' title='bbox 511 3385 627 3476; x_wconf 80' lang='lat' dir='ltr'>legem</span> <span class='ocrx_word' id='word_1_192' title='bbox 643 3390 678 3454; x_wconf 91' lang='lat' dir='ltr'>te</span> <span class='ocrx_word' id='word_1_193' title='bbox 695 3406 715 3454; x_wconf 88' lang='lat' dir='ltr'>e</span> <span class='ocrx_word' id='word_1_194' title='bbox 733 3385 867 3453; x_wconf 80' lang='lat' dir='ltr'>ratione</span> <span class='ocrx_word' id='word_1_195' title='bbox 882 3385 1098 3474; x_wconf 84' lang='lat' dir='ltr'>propositam</span> <span class='ocrx_word' id='word_1_196' title='bbox 1112 3386 1228 3474; x_wconf 90' lang='lat' dir='ltr'>sequi.</span> 
     </span>
     <span class='ocr_line' id='line_1_29' title="bbox 171 3497 1230 3587; baseline 0.002 -20"><span class='ocrx_word' id='word_1_197' title='bbox 171 3499 219 3568; x_wconf 92' lang='lat' dir='ltr'>Te</span> <span class='ocrx_word' id='word_1_198' title='bbox 233 3521 253 3567; x_wconf 85' lang='lat' dir='ltr'>e</span> <span class='ocrx_word' id='word_1_199' title='bbox 266 3498 523 3567; x_wconf 84' lang='lat' dir='ltr'>crudelissimis</span> <span class='ocrx_word' id='word_1_200' title='bbox 536 3498 761 3587; x_wconf 67' lang='lat' dir='ltr'>facinoribus</span> <span class='ocrx_word' id='word_1_201' title='bbox 772 3499 877 3567; x_wconf 85' lang='lat' dir='ltr'>insita</span> <span class='ocrx_word' id='word_1_202' title='bbox 888 3497 1013 3568; x_wconf 86' lang='lat' dir='ltr'>lenitas</span> <span class='ocrx_word' id='word_1_203' title='bbox 1027 3519 1067 3567; x_wconf 87' lang='lat' dir='ltr'>ac</span> <span class='ocrx_word' id='word_1_204' title='bbox 1081 3499 1230 3569; x_wconf 83' lang='lat' dir='ltr'>comitas</span> 
     </span>
     <span class='ocr_line' id='line_1_30' title="bbox 173 3617 435 3686; baseline -0.008 0"><span class='ocrx_word' id='word_1_205' title='bbox 173 3618 247 3686; x_wconf 87' lang='lat' dir='ltr'>solu</span> <span class='ocrx_word' id='word_1_206' title='bbox 270 3617 435 3685; x_wconf 85' lang='lat' dir='ltr'>servabit.</span> 
     </span>
     <span class='ocr_line' id='line_1_31' title="bbox 159 3730 1229 3820; baseline 0.001 -21"><span class='ocrx_word' id='word_1_207' title='bbox 159 3807 161 3810; x_wconf 10' lang='lat' dir='ltr'>p</span> <span class='ocrx_word' id='word_1_208' title='bbox 218 3730 305 3799; x_wconf 86' lang='lat' dir='ltr'>Inde</span> <span class='ocrx_word' id='word_1_209' title='bbox 319 3732 476 3820; x_wconf 82' lang='lat' dir='ltr'>sequitur</span> <span class='ocrx_word' id='word_1_210' title='bbox 488 3730 621 3799; x_wconf 83' lang='lat' dir='ltr'>nullam</span> <span class='ocrx_word' id='word_1_211' title='bbox 632 3731 726 3800; x_wconf 89' lang='lat' dir='ltr'>inter</span> <span class='ocrx_word' id='word_1_212' title='bbox 741 3731 900 3820; x_wconf 85' lang='lat' dir='ltr'>ejusdem</span> <span class='ocrx_word' id='word_1_213' title='bbox 915 3730 1118 3819; x_wconf 80' lang='lat' dir='ltr'>reipublicae</span> <span class='ocrx_word' id='word_1_214' title='bbox 1133 3730 1229 3800; x_wconf 86' lang='lat' dir='ltr'>cives</span> 
     </span>
     <span class='ocr_line' id='line_1_32' title="bbox 173 3847 1228 3938; baseline 0 -22"><span class='ocrx_word' id='word_1_215' title='bbox 173 3847 397 3916; x_wconf 85' lang='lat' dir='ltr'>concordiem</span> <span class='ocrx_word' id='word_1_216' title='bbox 415 3853 507 3916; x_wconf 88' lang='lat' dir='ltr'>stare</span> <span class='ocrx_word' id='word_1_217' title='bbox 530 3868 634 3937; x_wconf 92' lang='lat' dir='ltr'>posse</span> <span class='ocrx_word' id='word_1_218' title='bbox 660 3848 721 3936; x_wconf 88' lang='lat' dir='ltr'>qui</span> <span class='ocrx_word' id='word_1_219' title='bbox 746 3847 789 3916; x_wconf 92' lang='lat' dir='ltr'>de</span> <span class='ocrx_word' id='word_1_220' title='bbox 816 3847 1107 3938; x_wconf 82' lang='lat' dir='ltr'>interpretatione</span> <span class='ocrx_word' id='word_1_221' title='bbox 1128 3867 1228 3916; x_wconf 93' lang='lat' dir='ltr'>sum-</span> 
     </span>
     <span class='ocr_line' id='line_1_33' title="bbox 173 3943 1251 4055; baseline 0.002 -24"><span class='ocrx_word' id='word_1_222' title='bbox 173 3982 239 4032; x_wconf 82' lang='lat' dir='ltr'>mae</span> <span class='ocrx_word' id='word_1_223' title='bbox 269 3963 360 4031; x_wconf 86' lang='lat' dir='ltr'>Ideee</span> <span class='ocrx_word' id='word_1_224' title='bbox 389 3964 608 4033; x_wconf 81' lang='lat' dir='ltr'>dissentiant.</span> <span class='ocrx_word' id='word_1_225' title='bbox 638 3964 757 4033; x_wconf 89' lang='lat' dir='ltr'>Hostis</span> <span class='ocrx_word' id='word_1_226' title='bbox 784 3969 838 4032; x_wconf 90' lang='lat' dir='ltr'>est</span> <span class='ocrx_word' id='word_1_227' title='bbox 863 3943 1042 4053; x_wconf 88' lang='lat' dir='ltr'>pessimus</span> <span class='ocrx_word' id='word_1_228' title='bbox 1069 3964 1251 4055; x_wconf 87' lang='lat' dir='ltr'>quisquis·</span> 
     </span>
    </p>
   </div>
   <div class='ocr_carea' id='block_1_4' title="bbox 0 0 1410 4576">
    <p class='ocr_par' dir='ltr' id='par_1_5' title="bbox 0 0 1410 4576">
     <span class='ocr_line' id='line_1_34' title="bbox 0 0 1410 4576; baseline 0 0"><span class='ocrx_word' id='word_1_229' title='bbox 0 0 1410 4576; x_wconf 95' lang='lat' dir='ltr'> </span> 
     </span>
    </p>
   </div>
  </div>
 </body>
</html>
