2782 4576
617 367 655 380 ..
676 332 715 392 37
736 367 777 379 ..

168 470 252 538 dum
267 474 427 559 tempora
440 468 676 536 doctrinarum
692 466 817 553 lacies3
834 469 896 558 qui
908 475 994 540 tunc
1012 473 1127 564 legem
1144 485 1223 548 esse

168 586 252 654 artis
270 585 436 653 humanae
459 603 548 672 opus
568 581 842 666 contendebant,
864 586 983 654 omnia
1010 589 1160 658 miscere
1184 613 1225 661 00

169 700 374 768 subvertere
387 697 616 782 videbantur3
632 696 693 786 qui
705 702 823 765 autem
836 698 930 786 apud
942 719 1020 786 nos,
1040 722 1059 770 e
1074 703 1225 793 septimo

169 815 305 886 decimo
338 814 456 884 seeulo
487 814 578 881 hanc
605 813 719 903 ipsam
752 815 964 883 sententiam
991 807 1225 889 0000111010-

166 931 342 1022 publicam
363 931 450 998 nibil
466 928 561 998 aliud
577 949 658 998 esse
678 949 784 1018 quam
804 949 880 998 rem
903 951 923 998 a
945 940 1065 1001 mente
1088 936 1226 1026 excogi-

49 1037 67 1053 ’
166 1055 272 1117 tatam
306 1047 447 1130 volunt,
477 1053 581 1136 atque
617 1047 846 1135 indignantur
876 1047 1062 1118 audientes
1089 1052 1224 1123 eisdem

166 1177 269 1254 quam
284 1169 447 1232 naturam
465 1183 585 1231 rerum
605 1160 778 1254 reliquam
799 1162 937 1254 legibus
957 1162 1114 1236 civitates
1134 1172 1222 1260 regi,

164 1280 214 1349 illi
239 1281 361 1371 optimi
388 1281 481 1350 cives
501 1285 536 1348 01
560 1280 736 1348 habentur
759 1284 794 1348 et
817 1281 894 1349 sine
925 1281 1032 1351 dubio
1052 1292 1147 1354 sunt.
1173 1287 1225 1356 Ex

167 1415 249 1484 quo,
275 1395 306 1462 si
326 1394 425 1481 velis,
447 1392 561 1462 obiter
586 1392 791 1483 colligemus
816 1414 889 1462 non
910 1415 1026 1464 meras
1047 1398 1225 1471 doctrinas

167 1511 393 1601 philosophos
408 1509 476 1578 sibi
490 1510 643 1579 invicem
658 1529 851 1598 opponere,
874 1516 909 1579 at
931 1513 1037 1582 etiam
1057 1515 1203 1586 allectus
1216 1527 1233 1604 ;’

167 1646 361 1715 verumque
378 1646 459 1694 cum
477 1646 585 1715 pravo
604 1626 748 1694 homine
766 1625 953 1716 aliquando
969 1635 1075 1719 stare,
1096 1632 1223 1702 salsum

166 1762 247 1809 cum
274 1739 399 1830 probo,
428 1739 640 1808 1101111110
669 1739 765 1829 gravi
786 1732 847 1828 qui
871 1740 1054 1812 scientiam
1081 1750 1223 1837 assequi

168 1857 250 1927 velit
263 1857 373 1925 multo
392 1856 529 1925 cautius
549 1856 593 1924 sit
610 1876 682 1925 non
704 1856 867 1925 homines
891 1859 955 1927 sed
974 1859 1149 1930 doctrinas
1172 1865 1224 1932 in·

166 1975 316 2064 spicere,
332 1980 438 2063 atque
453 1979 660 2063 argumenta
681 1973 799 2062 potius
818 1992 924 2064 quarn
943 1975 1224 2067 indignationem

167 2087 347 2157 adhibere.
369 2087 416 2156 Ut
430 2106 514 2155 vero
534 2085 578 2154 ad
594 2086 768 2176 sophistas
786 2087 975 2157 redeamus
989 2110 1113 2160 eorum
1138 2093 1221 2163 doc·

161 2207 292 2276 trinam
311 2225 417 2296 quam
438 2204 477 2272 in
499 2203 632 2294 Gorpio
648 2205 728 2293 jam·
744 2205 857 2274 vivide
880 2227 944 2297 per
960 2207 1138 2281 Calliclem
1164 2234 1222 2282 ex·

165 2324 362 2411 presserat,
393 2337 526 2386 rursus.
546 2318 583 2386 in
609 2318 804 2406 Republica
831 2319 895 2410 per
924 2322 1221 2415 Trasymachum,

167 2436 318 2527 denique
342 2435 418 2526 ipse
439 2435 477 2503 in
498 2434 658 2524 Leptinus
682 2437 844 2525 exposuit
867 2438 981 2524 Ρ1010;
1010 2441 1078 2509 1100
1107 2449 1224 2512 autem

164 2552 286 2624 ultimo
301 2553 338 2620 in
351 2551 429 2620 loco
445 2572 567 2643 presse
582 2571 624 2619 ac
646 2552 924 2642 circumscripte.
942 2554 1037 2624 Duas
1051 2557 1089 2625 in
1104 2565 1223 2647 partes

164 2672 349 2741 universus
370 2669 524 2738 mundus
547 2669 590 2738 ab
610 2669 678 2737 illis
697 2669 879 2738 scinditur.
906 2671 1062 2740 Alteram
1084 2680 1222 2762 partem

164 2787 235 2855 sors
249 2785 397 2870 creavit;
412 2805 489 2873 quae
502 2783 646 2874 quidem
660 2783 812 2853 maxima
824 2789 859 2852 et
867 2783 1082 2855 validissima
1093 2788 1220 2857 coelum

165 2904 257 2992 capit
274 2923 391 2989 omne,
419 2900 594 2971 elementa
618 2909 781 2991 quatuor,
808 2902 937 2991 sidera,
954 2904 1077 2993 solem,
1102 2905 1223 2976 lunam

164 3024 376 3108 terramque,
398 3021 504 3108 atque
527 3018 643 3107 ipsum
661 3017 860 3106 plantarum
888 3026 992 3110 atque
1018 3022 1223 3092 animalium

164 3156 289 3228 genus.
309 3134 467 3203 Alteram
490 3140 627 3223 partem
649 3154 705 3202 ars
725 3134 881 3203 humana
900 3137 1034 3226 genuit,
1059 3157 1223 3208 mancam

163 3252 305 3344 quidem
327 3257 432 3340 atque
453 3250 592 3336 exilem,
609 3271 688 3340 quae
701 3250 875 3319 machinis
889 3257 994 3342 atque
1010 3252 1120 3343 signis
1137 3274 1222 3323 con·

163 3374 240 3438 stat.
269 3368 320 3437 Ex
345 3367 411 3436 hac
441 3367 577 3457 origine
610 3367 724 3435 civilia
755 3367 912 3437 instituta
942 3369 1112 3460 legesque
1143 3393 1224 3461 pro-

162 3482 277 3552 lluunt
310 3488 418 3572 atque
455 3481 587 3551 idcirco
620 3488 702 3551 sunt
735 3504 834 3572 paene
865 3485 1039 3553 contraria
1071 3491 1218 3554 naturae.

161 3597 320 3667 Ciuilium
343 3602 514 3686 praeterea
539 3597 701 3686 peritiam
719 3597 817 3664 aiunt
832 3616 938 3687 parva
955 3597 1107 3688 quadam
1122 3606 1220 3688 parte
1275 3599 1284 3604 ’

162 3735 243 3784 011111
261 3720 399 3797 natura,
426 3733 555 3805 magna
573 3734 657 3783 vero
674 3734 754 3783 cum
777 3720 851 3783 arte
875 3733 1099 3803 concurrere,
1118 3721 1221 3805 atque

161 3832 209 3900 ita
223 3833 424 3899 universam
442 3831 561 3922 legum
587 3832 795 3920 positionem
814 3851 981 3899 nonaum
1002 3839 1140 3918 natura,
1158 3833 1220 3900 sed

162 3967 241 4016 eum
279 3952 373 4030 arte,
419 3946 518 4036 cujus
554 3946 748 4036 positiones
775 3967 867 4016 verae
894 3966 967 4016 non
1003 3948 1093 4035 sint,
1132 3968 1218 4015 0011-
