2782 4576
659 309 817 370 43-

207 445 508 515 considerantibus
523 443 625 513 nobis
636 444 769 532 justitia
783 463 863 512 csse
873 451 1103 534 assereretur,
1119 452 1194 516 tum
1204 449 1260 517 de-

206 581 304 631 mum
326 559 629 630 consentiemus...
646 559 751 629 Nunc
767 565 886 629 autem
910 560 1155 652 disceptatipni
1178 564 1262 632 huie

206 676 314 746 finem
334 677 407 765 jam
425 677 662 766 imponamus,
688 674 886 745 secundum
908 697 1015 765 quam
1044 677 1261 747 existimavi-

207 813 287 862 mus
308 791 338 860 si
365 791 519 881 plurium
542 791 748 860 habentium
768 791 941 880 Justitiam
965 793 1003 860 in
1021 792 1145 882 majori
1165 793 1264 882 prius

209 928 288 978 eam
302 907 633 996 contemplaremur,
648 905 748 974 facile
765 904 890 974 deinde
906 905 943 973 in
957 905 1100 974 homine
1113 928 1183 975 uno
1199 928 1265 978 nos

209 1024 311 1116 quale
331 1024 398 1093 hoc
422 1023 466 1091 sit
489 1022 722 1111 inspecturos.
745 1020 938 1111 Visumque
965 1021 1067 1090 nobis
1083 1028 1136 1091 est
1151 1023 1264 1112 majus

208 1142 337 1231 ipsum,
366 1141 554 1223 civitatem,
575 1139 743 1235 existere,
760 1143 864 1228 atque
891 1138 940 1206 ita
966 1158 1072 1227 quam
1095 1140 1265 1229 optimam

208 1260 386 1348 potuimus
406 1278 484 1327 eam
503 1255 724 1326 condidimus
743 1257 897 1325 scientes
916 1256 955 1323 in
974 1255 1067 1325 bona
1082 1257 1265 1345 republica

208 1376 326 1444 inesse
339 1375 520 1464 Justitiam.
537 1374 653 1456 Quare
672 1366 764 1462 quod
779 1372 816 1439 in
832 1370 891 1440 illa
904 1370 1006 1439 nobis
1021 1373 1193 1462 apparuit,
1210 1393 1264 1442 re-

209 1491 363 1560 feramus
384 1489 429 1559 ad
449 1509 559 1559 unum
579 1487 815 1578 (hominem);
839 1493 874 1557 et
892 1487 921 1555 si
935 1488 1030 1558 idem
1045 1488 1094 1557 ibi
1115 1494 1263 1576 constet,

211 1608 294 1676 satis
316 1606 418 1677 nobis
444 1605 509 1674 erit
530 1604 672 1674 sactum.
700 1603 738 1671 Si
765 1603 849 1693 quid
869 1609 987 1672 autem
1012 1587 1107 1672 aliud
1131 1604 1169 1672 in
1192 1624 1265 1674 nno

211 1727 389 1813 appareat,
405 1741 528 1790 rursus
543 1719 587 1789 ad
602 1720 778 1789 civitatem
798 1721 969 1807 conversi,
987 1720 1062 1791 haec
1082 1723 1263 1794 examina·

210 1836 326 1906 bimus
340 1859 348 1923 3
363 1857 403 1905 ac
415 1836 503 1905 forte
519 1835 654 1905 alterna
667 1837 926 1926 comparatione
943 1836 1193 1927 disceptantes,
1208 1861 1267 1910 ve-

212 1954 264 2023 lut
278 1953 459 2041 scintillaS,
474 1974 517 2022 ex
531 1953 586 2022 his
598 1954 769 2043 justiliam
782 1954 1011 2041 excutiemuS,
1031 1974 1179 2045 eamque
1191 1956 1264 2045 jam

214 2090 323 2160 quum
338 2069 430 2138 clare
447 2069 609 2138 micuerit
624 2070 718 2159 apud
737 2070 913 2160 nosipsos
929 2069 1148 2138 stabiliemus
1162 2070 1226 2161 (l).
1248 2094 1266 2140 r>

213 2185 314 2256 Unde
329 2185 487 2275 sequitur
504 2206 577 2255 non
592 2186 706 2255 solum
719 2185 887 2274 justitiam
902 2186 939 2253 in
955 2186 1092 2254 civitate
1109 2188 1270 2256 eamdem

213 2301 351 2370 Platoni
367 2300 479 2368 videri
499 2306 604 2391 atque
618 2301 657 2369 in
678 2321 749 2369 uno
767 2302 855 2388 viro,
872 2301 936 2369 sed
955 2302 1060 2369 etiam
1076 2303 1157 2370 huic
1176 2309 1268 2373 stare

213 2419 320 2488 lixum
333 2417 539 2508 nullopacto
550 2417 626 2488 fieri
635 2438 739 2507 posse
750 2422 788 2486 ut
802 2418 846 2486 sit
859 2418 895 2486 in
911 2422 1059 2506 utraque
1073 2424 1172 2507 parte
1185 2439 1267 2489 vere

216 2541 283 2611 sibi
301 2541 491 2610 dissimilis.
518 2540 665 2623 Quodsi
687 2520 865 2610 uideretur
885 2539 1075 2627 dissimilis,
1098 2540 1267 2608 indicium

216 2659 261 2728 sit
280 2659 421 2747 erroris,
441 2665 546 2749 atque
566 2658 748 2727 recondita
768 2657 958 2726 similitudo
983 2656 1098 2725 acrius
1112 2656 1157 2724 sit
1171 2675 1269 2746 quae-

215 2773 337 2842 renda.
362 2773 461 2843 Idem
487 2773 530 2843 de
556 2773 798 2863 temperantia.
827 2795 843 2840 ι(
870 2772 1022 2841 Ornatus
1050 2771 1193 2861 quidam
1218 2777 1271 2839 est
1306 2761 1309 2765 ’

216 2888 449 2978 temperantia
464 2893 498 2956 et
514 2887 781 2977 avoluptatibus
794 2884 1111 2975 cupiditatibusque
1128 2884 1272 2975 quibus·

218 3004 310 3093 dam,
327 3010 366 3072 ut
377 3004 576 3094 perhibent,
590 3004 813 3103 abstinentia.
832 3003 924 3071 Dum
939 3022 1022 3070 vero
1037 3007 1271 3092 temperatum

216 3122 396 3191 hominem
418 3120 534 3210 seipso
552 3121 786 3210 potentiorem
814 3120 938 3208 suique
961 3119 1127 3186 victorem
1151 3118 1271 3185 nescio

218 3236 393 3328 quomodo
420 3256 500 3304 esse
534 3234 666 3323 dicunt,
694 3244 730 3304 et
757 3236 918 3324 quaedam
943 3233 1080 3321 similia,
1107 3238 1275 3322 tanquam

218 3353 365 3443 vestigia
396 3351 565 3428 nonnulla
597 3351 840 3442 temperantiae
866 3351 1018 3440 signant.
1046 3348 1203 3418 Annon‘l
1230 3386 1275 3398 -

149 3457 150 3460 ¹
219 3471 370 3540 Maxime
383 3469 750 3540 omnium—Nonne
763 3466 983 3557 quodseipso
994 3466 1273 3555 potentiusnon-

221 3591 368 3676 cupatur
395 3584 581 3654 ridiculum
617 3582 874 3675 quodammodo
902 3581 1080 3671 appareti
1110 3579 1276 3670 Quisquis

222 3706 317 3774 enim
331 3706 446 3796 seipso
466 3703 654 3794 potentior,
671 3702 787 3792 seipso
803 3721 945 3792 quoque
964 3699 1170 3770 imbecillior
1183 3699 1250 3767 erit
1264 3718 1272 3782 ;

254 3955 288 4019 (r)
304 3956 341 4006 oe
358 3955 425 4020 um,
442 3957 496 4017 aar,
511 3971 531 4004 c.
