2782 4576
613 333 770 394 ..fl-

164 487 266 558 mum
287 489 366 538 esse
389 469 546 536 locorum
570 467 615 536 ad
637 468 802 536 terendos
824 469 990 537 meliores
1011 471 1223 560 pejoresque

164 583 326 653 homines
345 583 579 653 differentiam
599 607 606 652 :
625 585 754 674 quippe
774 584 833 652 alii
850 585 1018 654 varietate
1036 592 1221 655 ventorum

166 705 200 769 et
212 701 366 788 turbine,
380 699 540 769 difficiles
553 707 588 769 et
598 701 752 791 protervi
762 705 857 789 sunt,
870 700 928 768 alii
940 706 1086 791 propter
1096 721 1219 792 aquas,

165 815 222 884 alii
242 821 387 906 propter
408 817 505 885 cibos
524 817 585 906 qui
606 821 762 884 exterra
784 837 857 884 non
878 817 993 885 solum
1015 818 1222 907 corporibus

166 931 341 1000 commodi
366 938 471 1021 atque
503 933 717 1001 incommodi
746 933 918 1016 oriuntur,
943 953 1067 1001 verum
1095 934 1223 1003 animis

166 1068 308 1137 quoque
327 1069 398 1116 non
416 1049 534 1117 minus
549 1048 614 1137 (l).
630 1070 648 1115 n
663 1049 741 1118 lam
760 1050 798 1116 in
814 1049 1008 1135 Republica
1025 1054 1222 1139 temporum

167 1170 342 1232 certorum
366 1169 520 1253 potestas
539 1165 745 1233 denuntiata
758 1165 822 1254 (Ξ).
840 1165 882 1232 ln
907 1184 1045 1233 summa
1066 1164 1224 1234 civitates

165 1282 204 1348 in
221 1281 302 1349 sinu
320 1283 472 1350 fortunae
487 1281 611 1371 positae
631 1296 674 1349 ex·
694 1280 787 1350 illius
801 1279 958 1367 libidine,
977 1287 1037 1350 aut
1050 1282 1167 1372 potius
1183 1301 1224 1350 ex

166 1396 342 1465 voluntate
368 1397 515 1465 deorum
542 1399 682 1467 beatam
705 1404 949 1488 pacatamque,
965 1396 1021 1465 vel
1046 1396 1223 1466 infelicem

167 1532 207 1581 ac
218 1511 393 1582 turbidam
409 1512 516 1581 vitam
530 1514 720 1602 accipiunt.
733 1513 823 1582 Neri
839 1513 971 1581 similes
987 1533 1126 1582 summo
1141 1512 1224 1582 fluc-
1249 1594 1262 1614 .

167 1629 218 1696 tui
242 1648 363 1697 rerum
386 1635 446 1698 aut
468 1628 622 1698 violento
650 1636 710 1698 aut
732 1629 921 1719 tranquillo
943 1628 1100 1697 insident
1124 1651 1131 1696 :
1156 1648 1226 1698 nec
1323 1656 1326 1661 ·

167 1744 236 1813 nisi
251 1746 396 1815 minima
410 1747 464 1814 sui
479 1752 578 1834 parto
591 1751 770 1814 rectorum
784 1752 859 1814 arte
873 1745 1128 1834 gubernantur.
1143 1766 1160 1811 o
1175 1745 1226 1815 Ac

168 1862 311 1952 quidem
325 1883 390 1952 ego
406 1862 607 1947 conturbor,
618 1862 733 1951 inquit
744 1861 974 1929 Atheniensis
988 1860 1078 1929 lnior
1088 1860 1224 1950 legum,

167 1999 248 2046 cum
268 1979 385 2047 omnia
401 1978 557 2046 humana
570 1977 644 2044 fere
659 1979 709 2045 ita
726 1977 860 2045 habere
875 1976 1071 2045 videantur.
1084 2014 1129 2026 —
1144 1976 1222 2058 Qua

168 2095 213 2165 de
232 2115 271 2165 re
294 2095 392 2163 dicis.
409 2133 454 2145 —
471 2094 637 2162 Dicturus
659 2114 754 2162 eram
774 2092 912 2161 nullum
933 2112 1090 2181 unquam
1108 2093 1225 2161 homi·

168 2231 252 2279 nem
269 2210 400 2300 aliquid
414 2210 492 2300 lege
508 2211 659 2297 sancire,
677 2209 740 2278 sed
753 2209 912 2278 fortunas
925 2228 1100 2298 casusque
1111 2209 1227 2277 varios

169 2326 385 2414 incidentes,
414 2315 517 2416 leges
541 2326 645 2394 nobis
673 2325 879 2420 peremnia
903 2325 1009 2393 ferre.
1031 2325 1103 2394 Aut
1131 2325 1226 2394 enim

165 2443 385 2536 imminentis
404 2442 569 2510 violentia
593 2440 689 2528 belli,
716 2440 873 2530 priorem
890 2441 1059 2531 pervertit
1082 2460 1226 2528 rempu-

121 2554 128 2557 ’
168 2558 314 2645 blicam,
333 2559 502 2648 legesque
522 2563 654 2642 mutat,
673 2563 733 2625 out
748 2577 885 2625 summa
905 2556 1048 2646 quidem
1063 2557 1223 2646 penuria.

169 2675 284 2744 Morbi
296 2694 436 2765 quoque
449 2673 560 2743 multa
571 2674 739 2742 innovare
752 2672 979 2762 compellunt.
990 2672 1105 2740 Pestis
1120 2673 1225 2741 etiem

169 2789 316 2876 diutina,
329 2791 593 2880 multorumque
609 2809 783 2859 annorum
799 2787 1035 2874 incommoda,
1047 2793 1083 2856 et
1095 2787 1228 2878 impor-

169 2913 255 2976 tuna
270 2912 472 2996 tempestas.
487 2907 573 2976 Haec
590 2907 620 2975 si
636 2907 714 2996 quis
733 2905 990 2974 animadvertet
1002 2923 1074 2973 non
1088 2903 1228 2972 verebi-

170 3027 227 3091 tur
246 3022 340 3092 idem
366 3023 460 3112 quod
484 3043 550 3114 ego
578 3022 794 3107 exclamare,
819 3021 1021 3090 mortalium
1047 3019 1228 3088 neminem

171 3138 285 3228 legem
300 3139 467 3226 condere,
485 3140 549 3208 sed
565 3139 718 3208 bumana
739 3139 857 3206 omnia
875 3138 1026 3206 fortunis
1040 3137 1108 3225 agi.
1127 3135 1229 3218 Quod

171 3255 201 3322 si
223 3256 302 3345 quis
320 3256 358 3324 in
381 3256 617 3345 navigatione,
636 3255 904 3345 gubernatione,
926 3253 1117 3338 medicina,
1136 3250 1228 3319 mili-

172 3372 237 3440 tari
255 3372 413 3461 imperio¹
428 3371 664 3459 affirmaverit,
684 3360 782 3441 recte
806 3370 982 3439 ridebitur
1003 3368 1133 3437 dicere.
1159 3366 1230 3436 Sed

171 3506 293 3555 rursus
318 3493 353 3556 et
373 3487 468 3556 istud
490 3486 650 3556 similiter
670 3488 713 3556 de
735 3488 779 3556 iis
797 3488 885 3577 ipsis
910 3488 1004 3556 bene
1026 3484 1163 3552 dieitur.
1184 3521 1229 3532 -

172 3602 360 3684 Quidnam.
376 3642 421 3654 —
435 3604 551 3672 Deum
561 3603 704 3693 quidem
721 3603 850 3690 omnia,
870 3609 904 3672 et
916 3603 1092 3671 fortunam
1105 3619 1230 3690 oppor-

171 3720 425 3809 tunitatemque
447 3719 551 3788 simul
571 3739 652 3788 cum
674 3719 749 3789 Deo
769 3724 898 3788 cuncta
919 3717 1074 3787 humana
1096 3715 1227 3807 guber·

205 3983 238 4046 (l)
251 3983 288 4033 De
303 3982 416 4048 Lepidus,
427 3987 484 4048 tlt,
497 3984 525 4034 d.
540 4009 571 4023 -
587 3983 620 4046 (Ξ)
635 3981 751 4045 1d.,uro,
764 3996 790 4031 o.
