2782 4576
604 337 761 398 ,60-

162 473 302 558 illorum
326 471 469 560 quidem
497 472 631 560 prolem
658 472 805 559 nutrire,
836 473 963 543 horum
982 478 1155 567 minime,
1182 480 1215 547 si

163 569 361 658 armentum
393 586 727 655 excellentissimum
758 587 802 654 sit
828 587 1064 681 futurumtt).
1084 593 1213 684 »Ergo

163 711 316 796 potestas
331 723 468 772 summa
487 703 740 792 rempublicam
755 724 897 773 omnem
913 707 1020 776 veluti
1034 710 1212 779 stabulum

162 820 428 905 administrabit,
451 819 594 909 pulchra
613 819 769 909 pulchris
780 840 927 910 corpora
939 822 1156 912 admiscebit,
1169 847 1213 896 ac

162 935 278 1024 siquid
290 935 490 1004 deformein
499 934 612 1002 lucem
622 935 739 1003 invitis
750 935 965 1026 principibus
976 940 1112 1027 edatur,
1124 941 1212 1011 illud

160 1053 364 1122 trucidabitl
387 1051 527 1122 Sciebat
549 1055 668 1119 tamen
687 1051 785 1120 Plato
805 1052 909 1143 longe
932 1055 1026 1125 aliud
1048 1062 1212 1127 naturam

161 1169 323 1238 homines
343 1168 481 1237 docere.
501 1187 518 1233 c
537 1166 619 1235 Non
634 1173 783 1256 oportet,
801 1168 972 1239 exclamat
990 1171 1028 1238 in
1046 1171 1210 1262 Legibus,

160 1286 305 1356 utcives
318 1285 429 1354 nostri
451 1283 573 1353 avibus
595 1284 784 1373 multisque
809 1284 936 1355 belluis
956 1287 1027 1357 sint
1050 1289 1213 1378 pejores;

162 1400 356 1491 permultos
380 1399 473 1468 enim
499 1419 622 1490 greges
645 1400 802 1489 ipsarum
826 1401 986 1471 videmus
1017 1405 1154 1494 integre
1178 1411 1215 1474 et

162 1523 256 1586 caste
271 1523 460 1605 antequam
479 1516 686 1606 procreandi
707 1521 846 1606 tempus
863 1516 1055 1607 advenerit,
1072 1521 1189 1589 vivere
1203 1541 1211 1606 3

163 1631 226 1700 sed
240 1651 348 1721 quum
362 1632 454 1698 banc
474 1636 610 1700 aetatem
627 1631 815 1720 attigerint,
828 1652 904 1700 mas
915 1633 1066 1722 feminae,
1082 1633 1215 1704 lamina

163 1747 252 1814 mari
267 1748 459 1835 conjunctae
465 1747 559 1834 juste
571 1750 760 1836 sancteque
772 1747 810 1814 in
820 1749 933 1837 prima
947 1755 1214 1839 perseverantes

164 1863 315 1931 amicitia
331 1864 501 1952 reliquam
517 1869 689 1952 peragunt
702 1863 820 1931 vitam.
848 1863 995 1953 Oportet
1014 1865 1120 1955 igitur
1135 1886 1214 1935 esse

164 1999 225 2047 eos
240 1979 361 2047 bestiis
374 1979 537 2046 meliores
552 1978 616 2067 (2).
635 2000 652 2046 u
668 1979 738 2048 Cur
748 1998 830 2068 crgo
843 1979 935 2048 banc
945 2000 1101 2069 pravam,
1117 1980 1213 2049 illam

163 2100 296 2162 rectam
314 2095 394 2164 vitae
407 2094 570 2183 perfectae
593 2093 744 2184 effigiem
762 2095 896 2163 babet‘l
913 2095 984 2165 Cur
1001 2102 1162 2165 naturam
1174 2097 1214 2165 in

161 2209 349 2278 vernaculo
375 2229 447 2278 non
474 2209 512 2277 in
536 2209 648 2278 libero
672 2215 831 2279 armento
856 2210 1006 2300 quarit‘l
1031 2210 1215 2292 Quomodo

162 2345 233 2394 non
246 2325 341 2394 videt
351 2326 483 2394 bestias
496 2325 592 2413 ipsas
605 2327 753 2414 optimas
765 2331 800 2394 et
815 2325 1068 2414 pulcherrimas
1081 2347 1118 2396 se
1128 2328 1216 2396 invi-

163 2461 240 2511 cem
256 2441 417 2532 seligere,
442 2445 546 2532 atque
572 2442 653 2510 ideo
679 2462 790 2532 genus
811 2441 1017 2527 humanum,
1039 2443 1213 2512 immenso

163 2557 299 2647 (utpote
328 2558 465 2627 ratione
492 2558 693 2647 preditum)
717 2557 899 2625 intervallo
926 2562 1112 2647 praestans,
1141 2577 1213 2626 non

165 2693 270 2763 egere
286 2678 423 2742 rectore
441 2678 481 2742 nt
494 2674 571 2764 ipso
584 2674 753 2742 instinctu
770 2671 898 2740 amoris
917 2671 1093 2741 salubrius
1110 2677 1215 2762 atque

164 2791 291 2860 melius
311 2790 399 2860 tiat‘l
421 2791 507 2858 Haec
535 2790 633 2858 Plato
652 2786 808 2876 neglexit
830 2786 912 2876 quia
940 2786 1048 2854 fixum
1074 2785 1110 2853 in
1138 2786 1216 2874 ejus

164 2911 284 2975 mente
312 2905 425 2974 stabat
457 2904 608 2973 divinam
634 2908 807 2971 astrorum
834 2902 1038 2971 societatem
1067 2921 1145 2970 esse
1177 2902 1215 2971 in

164 3028 285 3092 nostra
304 3020 587 3112 exprimendam,
603 3025 642 3089 ut
656 3021 750 3088 Deus
764 3018 910 3087 fabricat
925 3016 1215 3107 administretque

164 3138 310 3207 deorum
326 3143 454 3207 coetum
470 3157 558 3227 quos
569 3135 663 3204 nulla
677 3133 836 3226 genitalis
848 3133 955 3202 libido
968 3133 1118 3201 invicem
1133 3153 1216 3201 con-

167 3254 260 3341 citat,
276 3255 325 3324 ita
337 3254 487 3323 civitasa
502 3273 610 3322 manu
622 3252 834 3341 sapientum,
846 3249 976 3317 omisso
987 3247 1218 3338 cupiditatum

166 3372 318 3459 stimulo,
352 3373 507 3462 regenda
538 3371 588 3440 illi
615 3370 809 3439 videbatur.
832 3368 890 3438 Sic
917 3367 987 3435 vita
1011 3386 1031 3433 e
1060 3365 1218 3455 partibus

168 3488 315 3558 civitatis
330 3493 369 3557 ut
388 3489 437 3557 ita
458 3488 571 3557 dicam
595 3486 741 3574 recedit,
765 3490 800 3554 et
821 3489 894 3553 tota
917 3483 953 3552 in
977 3479 1114 3550 summo
1139 3480 1217 3551 loco

166 3603 356 3673 includitur
374 3609 413 3673 ut
434 3604 516 3672 inde
541 3601 670 3672 delluat
687 3601 725 3670 in
743 3603 861 3691 partes
878 3625 885 3666 :
902 3597 939 3666 id
958 3600 1011 3664 est
1030 3595 1158 3664 animal
1180 3596 1219 3663 iu
1247 3633 1258 3642 ,

167 3720 365 3790 machinam
380 3720 537 3789 vertitur.

201 3968 234 4032 (t)
253 3973 306 4029 tot,
321 3984 347 4032 a,
360 3968 405 4018 lib.
417 3967 461 4018 cit.
479 3994 508 4006 ·-
526 3970 556 4031 [tt
578 3970 612 4020 Dc
626 3969 693 4034 Lep,
707 3973 763 4032 ato,
776 3984 798 4018 c.
