2782 4576
658 336 815 396 ..62-

209 471 291 557 Dic,
323 490 460 560 quaeso,
489 490 575 538 num
607 468 759 538 similem
787 474 865 538 esse
899 470 1056 560 corporis
1087 470 1265 560 judicabis

206 586 381 655 civitatem
417 587 454 653 in
496 605 564 676 qua
611 604 631 653 a
676 605 813 682 summa
853 605 966 674 usque
1011 585 1057 654 ad
1102 587 1264 656 intimam

207 709 325 792 partes
349 723 471 771 omnes
503 707 635 771 motum
663 702 844 790 patiuntur
868 701 1000 769 nedum
1023 722 1043 769 e
1066 701 1264 773 visceribus

205 818 379 908 proditum
407 817 549 886 cieant‘l
575 817 659 885 Sine
684 816 754 885 ullo
779 816 897 904 dubio,
927 810 1094 904 quoties,
1113 817 1261 907 alicujus

204 939 363 1002 nostrum
393 933 500 1023 digito
528 952 695 1023 percusso
727 931 792 1022 (l),
825 952 952 1020 corpus
979 938 1091 1001 totum
1120 952 1161 1002 ac
1189 939 1264 1004 tota

205 1049 322 1117 anima
341 1047 539 1134 condolent,
565 1067 746 1138 uunquam
766 1048 804 1115 id
818 1047 895 1116 fieri
910 1053 1029 1136 posset
1044 1048 1113 1116 nisi
1133 1056 1261 1138 sponte

208 1185 357 1254 quaeque
383 1184 465 1253 pars
490 1169 606 1232 erecta
630 1177 730 1232 suam
756 1169 794 1258 ut
813 1164 861 1233 ita
884 1163 998 1232 dicam
1021 1164 1265 1243 defensionem

209 1280 404 1370 susciperet
427 1300 468 1348 ac
486 1280 620 1348 vicinas
647 1280 918 1369 amplecteretur
940 1301 947 1347 :
972 1279 1065 1369 quod
1087 1281 1117 1349 si
1137 1282 1265 1352 animae

206 1399 327 1484 jussus
356 1401 583 1485 expectarent
611 1401 741 1485 partes
771 1396 867 1463 nulla
897 1415 964 1464 nec
997 1394 1164 1465 molestiae
1197 1418 1266 1467 neo

208 1511 406 1600 voluptates
420 1531 577 1600 unquam
592 1511 767 1579 orirentur
781 1531 848 1580 nec
862 1509 932 1579 ulla
945 1511 1096 1601 partium
1111 1512 1204 1581 inter
1225 1534 1265 1582 se

209 1627 419 1714 conjunctio.
442 1627 530 1708 Quae
548 1646 811 1716 utrumcumque
829 1628 959 1695 animal
977 1628 1077 1717 regit,
1097 1628 1187 1697 unde
1211 1630 1265 1698 vis

162 1755 164 1758 ’
208 1742 284 1811 haec
306 1748 492 1831 appareret
517 1742 627 1810 nisie
654 1743 811 1831 partibus
831 1742 1064 1832 colligeretur,
1089 1743 1266 1833 sigillatim

209 1864 303 1926 arcte
321 1857 608 1926 cohaerentibus?
632 1858 673 1926 In
694 1877 839 1947 corpore
852 1857 944 1925 civili
962 1878 1049 1948 gens
1063 1864 1122 1927 aut
1135 1859 1267 1929 familia

209 1975 364 2064 primum
379 1993 549 2063 organum
566 1972 661 2041 stetit
677 1980 712 2040 et
727 1978 795 2041 stat
806 1973 1027 2051 etiamnunc.
1042 1974 1136 2043 Hinc
1151 1975 1266 2044 omnis

210 2090 295 2158 ordo
312 2094 416 2178 atque
432 2108 628 2156 consensus
643 2088 833 2178 profectus.

254 2204 353 2272 Idem
368 2203 411 2271 de
430 2204 610 2271 communi
623 2207 742 2271 rerum
754 2203 990 2292 possessione.
1006 2203 1265 2273 commercium

209 2319 309 2387 Plato
324 2339 395 2388 non
417 2319 503 2387 vidit
518 2339 597 2387 esse
618 2319 710 2387 inter
728 2319 890 2387 homines
905 2312 1009 2409 longe
1024 2319 1171 2389 validius
1186 2320 1265 2389 vin-

212 2434 331 2503 culum
350 2454 456 2524 quani
472 2436 667 2502 communis
682 2435 845 2524 penuria,
862 2455 1026 2524 namquo
1041 2436 1184 2504 nomine
1201 2456 1265 2525 ap-

212 2550 339 2640 pellem
369 2550 462 2618 hanc
493 2550 652 2619 omnium
680 2571 786 2638 quam
814 2549 897 2617 velit
929 2550 1064 2618 institui
1093 2551 1290 2630 bonorum·

135 2735 139 2742 ,
209 2666 429 2734 modicorum
443 2665 675 2756 aequalitatem
685 2665 766 2755 (ssl‘.l
787 2665 951 2734 Attamen
965 2666 1043 2755 ipse
1059 2668 1267 2736 monstravit

210 2801 357 2849 necesse
374 2782 468 2850 inter
481 2781 660 2870 operarios
686 2785 721 2849 et
738 2785 951 2873 mercatores
971 2781 1130 2850 laborem
1145 2782 1279 2851 dividi..

211 2895 283 2965 Cur
301 2896 468 2986 paulatim
489 2895 587 2964 seed
607 2901 744 2965 tantum
765 2896 963 2967 divitiarum
986 2916 1026 2964 ao
1046 2902 1264 2985 mercaturae,

209 3011 316 3101 hujus
328 3011 527 3079 divitiarum
550 3011 718 3100 precipui
732 3003 849 3094 fontis,
862 3013 981 3080 odium
997 3013 1127 3081 retrahi
1141 3033 1268 3102 passus

213 3128 288 3196 est‘l
308 3127 379 3196 Cur
403 3127 479 3195 haec
500 3132 604 3217 atque
627 3126 710 3195 talia
734 3126 864 3196 tamin
889 3128 1082 3214 Republica
1106 3149 1211 3218 quem
1231 3130 1269 3198 in

212 3241 363 3331 Legibus
386 3242 585 3331 frequentia
605 3243 769 3330 scripsit‘l
785 3263 802 3309 c
819 3244 911 3311 Hinc
930 3242 1074 3313 ellusius
1096 3245 1139 3312 ad
1159 3265 1268 3334 pecu-

214 3359 291 3427 nias
311 3357 539 3427 cumulandas
563 3357 697 3445 delapsi
723 3365 853 3445 quanto
871 3359 908 3426 id
933 3360 1124 3448 preciosius
1148 3360 1269 3428 existi·

213 3479 332 3563 mant,
359 3479 456 3543 tanto
475 3475 641 3543 virtutem
663 3474 862 3542 existimant
885 3474 1054 3542 viliorem.
1076 3474 1202 3543 Annon
1222 3476 1270 3544 ita

122 3601 124 3606 ’
213 3590 356 3659 virtusa
373 3589 500 3658 divitiis
515 3588 693 3678 discrepat
704 3589 805 3677 quasi
818 3595 965 3678 utraque
975 3590 1011 3657 in
1027 3590 1127 3657 lance
1141 3594 1270 3659 statera

215 3705 286 3776 sint
310 3706 431 3797 posita,
456 3723 667 3794 semperque
692 3705 730 3773 in
756 3705 967 3773 contrariam
993 3711 1130 3794 partem
1161 3703 1287 3773 decli·v

246 3967 281 4032 (1)
299 3967 335 4019 De
348 3968 415 4032 llep„
429 3969 486 4030 tos,
498 3964 527 4018 d.
541 3990 572 4005 -
588 3966 622 4030 (Ξ)
638 3965 675 4016 De
686 3965 757 4030 leg„
770 3969 825 4029 ill,
841 3980 864 4017 e.
