2782 4576
640 321 801 381 -58...

198 422 266 542 que
291 451 379 523 fines
406 455 667 544 magistratibus
693 453 807 522 dando
834 455 1125 526 constituendos:
1149 458 1253 546 quasi

197 571 349 640 viventia
374 593 520 664 corpora
535 574 706 643 machina
724 575 836 644 instar
855 581 930 645 arte
953 577 1096 645 extendi
1108 583 1168 646 aut
1183 577 1254 646 mi·

197 687 259 754 nui
273 688 430 776 possint!

421 945 450 990 0⁰
468 945 632 990 communes
643 945 779 1000 conlucent.
792 946 880 997 liberi.
895 947 1026 1001 munies.

241 1145 304 1216 llla
319 1154 395 1216 erat
412 1167 494 1216 vere
517 1168 538 1216 a
560 1154 686 1218 natura
709 1149 812 1218 ducta
832 1148 973 1239 politica
998 1168 1075 1237 quae
1106 1149 1253 1219 insanas

198 1264 442 1353 Sophistarum
454 1263 631 1334 doctrinas
645 1265 890 1364 redarguebat,
908 1265 952 1333 de
968 1265 1170 1334 excidendis
1186 1287 1250 1335 an-

197 1381 304 1469 tiquae
325 1380 471 1450 civitatis
495 1383 689 1469 moenibus3
707 1382 770 1451 sed
788 1382 882 1473 quod
899 1382 1022 1450 attinet
1036 1382 1079 1450 ad
1095 1402 1253 1452 amorem

197 1497 359 1588 quiviros
372 1517 453 1566 cunr
468 1498 686 1586 mulieribus
700 1504 800 1567 natos
816 1519 896 1566 cum
913 1497 1118 1587 parentibus
1133 1498 1252 1567 devin-

197 1610 255 1697 cit,
279 1609 377 1678 Plato
403 1612 652 1702 nescioquam
677 1610 794 1680 fictam
820 1617 855 1681 et
881 1633 900 1681 e
930 1613 1084 1682 nubibus
1114 1618 1252 1703 raptam

196 1726 369 1793 rationem
398 1746 521 1794 rursus
550 1726 704 1796 adhibet.
735 1727 1013 1796 Pulcherrimam
1038 1728 1076 1796 iu
1099 1727 1252 1818 Legibus

199 1843 310 1912 saneti
325 1843 477 1933 conjugii
498 1842 649 1932 effigiem
665 1842 856 1931 expressim
881 1849 916 1911 at
937 1843 1033 1910 illam
1053 1864 1073 1912 a
1097 1845 1253 1933 perfecto

199 1958 391 2046 exemplari
404 1959 507 2048 longe
527 1958 698 2028 dellexam
715 1959 760 2027 ne
781 1959 1039 2028 obliviscamur.
1064 1959 1105 2029 In
1127 1960 1252 2048 Repu-

199 2077 290 2144 blicu
311 2077 512 2167 conjugium
532 2078 601 2146 hoc
628 2078 769 2147 nomine
793 2078 949 2168 dignumv
964 2078 1051 2148 tollit
1075 2100 1142 2148 nec
1172 2081 1253 2151 sinit

196 2191 303 2260 ullam
316 2214 394 2261 esse
411 2194 480 2261 nisi
495 2215 644 2263 sexuum
658 2195 955 2282 conjunctionem.
973 2195 1068 2264 Num
1079 2195 1125 2263 sit
1140 2197 1251 2287 magis

193 2306 275 2376 hinc
290 2328 360 2376 una
377 2309 496 2376 civitas
507 2309 525 2376 ‘l
538 2309 706 2399 Agnoscit
719 2308 818 2380 Plato
832 2329 912 2377 esse
929 2310 1117 2398 quamdam
1132 2319 1254 2380 neces·

198 2423 336 2493 sitatem
351 2426 565 2493 amatorium
581 2426 751 2493 acriorem
768 2444 874 2513 quarn
898 2425 1145 2493 necessitatem
1168 2446 1253 2515 geo·

197 2542 391 2610 metricam.
424 2542 514 2632 Ergo
546 2541 692 2613 seminas
719 2541 784 2609 viri
814 2546 990 2630 appetent.
1023 2541 1154 2610 Verum
1183 2562 1254 2631 quo

197 2659 327 2746 pacto‘l
343 2659 437 2726 Num
456 2678 565 2748 genus
584 2677 688 2725 omne
703 2656 815 2743 virile,
833 2677 943 2747 genus
958 2677 1063 2725 omne
1078 2656 1252 2726 muliebre

198 2773 343 2864 diliget‘l
366 2775 438 2842 Res
456 2773 529 2844 >alio
561 2794 600 2841 se
628 2773 731 2842 modo
761 2772 896 2841 habet:
924 2773 1079 2864 singulos
1106 2774 1252 2865 singulis

155 2950 157 2953 .
198 2910 345 2958 necesse
362 2896 415 2958 est
424 2889 647 2957 inflammari.
658 2889 712 2956 En
720 2889 826 2978 igitur
838 2894 1029 2978 resurgunt
1041 2889 1108 2958 illae
1123 2889 1254 2958 discor·

199 3007 264 3075 diae
285 3027 372 3096 quas
396 3012 516 3075 noster
541 3028 560 3074 e
581 3007 807 3095 possessione
830 3005 1041 3075 feminarum
1062 3026 1132 3074 non
1156 3027 1254 3074 com-

197 3123 297 3191 muni
325 3127 510 3212 erupturas
542 3120 700 3190 credidit.
740 3121 777 3191 Si
808 3141 994 3190 commune
1019 3122 1089 3209 jus,
1125 3121 1250 3190 saltem

196 3239 392 3307 communis
408 3237 582 3328 possessio
602 3258 680 3307 esse
697 3258 769 3306 non
785 3243 910 3326 potest.
927 3237 1050 3326 Itaque
1067 3238 1125 3306 hic
1136 3237 1251 3326 impe-

197 3355 290 3424 rium
307 3354 572 3445 magistratuum
593 3352 837 3424 adhibebitur:
856 3373 913 3421 ars
939 3358 1101 3423 naturam
1122 3354 1252 3421 iterum

195 3469 407 3539 emendabit.
426 3470 568 3560 «Igitur
587 3469 674 3538 lesta
688 3469 849 3559 quadam
869 3474 973 3538 erunt
994 3469 1132 3558 legibus
1152 3468 1248 3537 desi-

199 3592 314 3676 gnata
335 3587 372 3654 in
393 3585 521 3675 quibus
543 3605 692 3676 sponsos
712 3590 747 3654 et
771 3605 919 3674 sponsas
943 3584 1252 3675 congregabimus

199 3722 299 3772 sacra
314 3702 398 3773 sient
413 3708 448 3772 et
466 3703 589 3792 hymni
604 3704 748 3791 apostis
762 3704 905 3785 nostrie,
923 3701 1109 3771 celebratis
1121 3702 1254 3791 nuptiis

201 3820 495 3890 convenientes...
514 3820 634 3889 Sortes
654 3819 813 3909 quaedam
827 3818 888 3886 tali
907 3818 1012 3886 modo
1032 3819 1255 3888 instituendae

206 3943 246 4008 ut
263 3937 416 4008 deterior
436 3936 494 4005 ille
515 3937 552 4004 in
575 3937 729 4026 qualibet
753 3935 971 4025 copulatione
991 3936 1167 4007 loctunam
1184 3956 1258 4007 non
