2782 4576
614 315 773 376 ..70-

163 451 323 522 laborant
347 459 387 521 ut
411 451 537 520 vulnus
568 457 711 519 sanetur
737 456 841 539 atque
869 453 1064 542 expellatur
1090 457 1222 525 sanies

163 569 262 637 Tunc
284 568 433 656 intelligi
453 572 574 656 posset
597 566 707 655 (quod
728 566 826 634 Plato
842 588 924 636 vere
946 569 1075 638 mirum
1089 591 1226 640 renun-

165 684 244 772 tiat)
264 683 316 773 (t)
336 703 441 773 qnam
463 682 573 750 solida
600 688 726 750 natura
750 683 820 750 sint
848 703 888 752 ac
908 684 1023 752 valida
1047 685 1227 755 civitatum

167 799 414 889 plerarumque
432 818 589 887 corpora.
607 798 652 866 At
676 798 780 888 longe
797 798 863 867 alia
880 805 1001 868 nostro
1017 801 1229 891 philosopho

165 936 267 984 mens
286 921 350 983 est.
370 916 440 983 Aut
462 915 617 982 familiari
631 914 718 982 tollit
732 919 791 982 aut
805 914 936 982 nullam
951 914 1001 982 illi
1015 917 1051 984 in
1067 917 1228 986 educan-

167 1030 221 1098 dis
255 1031 375 1120 pueris
407 1030 646 1098 anctoritatem
675 1030 853 1119 relinquit.
881 1030 984 1098 Unde
1014 1052 1137 1100 rursus
1168 1033 1229 1102 illa

169 1145 353 1235 disciplina
380 1145 535 1214 orietur‘l
563 1144 704 1214 Scilicet
733 1145 1005 1235 epltilosophiS‚
1030 1149 1230 1218 rectoribus

172 1261 330 1329 civitatis,
352 1261 420 1342 Qui
441 1260 571 1327 classes
597 1260 814 1348 describunt,
838 1260 933 1350 leges
958 1261 1081 1352 figunt,
1109 1264 1231 1331 matri·

172 1378 291 1444 monia
305 1381 451 1444 nectunt
470 1375 752 1465 custodiantque,
775 1377 868 1444 bona
884 1376 1101 1467 dispensant,
1118 1378 1228 1447 iidem

169 1493 315 1561 modum
335 1492 598 1561 educandorum
616 1492 801 1560 insontium
819 1498 986 1575 statuent,
1006 1493 1231 1584 disciplinam

170 1627 210 1677 ac
228 1608 421 1676 doctrinam
438 1607 683 1693 moderabant,
700 1614 860 1697 poemata
877 1609 1028 1677 condent
1041 1616 1102 1678 aut
1117 1612 1230 1678 corri-

175 1731 271 1814 gent,
288 1725 482 1792 sententias
497 1723 603 1791 edent
621 1743 707 1812 quas
723 1725 947 1813 magistratus
961 1725 1002 1793 ad
1018 1725 1085 1794 hoc
1100 1746 1232 1795 munus

170 1839 1231 1931 praepositiauribusjuvenumobmurmurabant.Ergoquid-

173 1957 258 2044 quid
275 1956 613 2024 maxime‘intimnm
637 1956 681 2022 sit
703 1955 740 2022 in
763 1956 831 2022 rita
855 1957 1002 2023 civitatis
1022 1957 1065 2024 ab
1088 1958 1232 2026 illorum

55 2120 59 2128 .
174 2076 261 2139 nutu
289 2072 466 2160 pendebit.
504 2072 558 2140 llli
595 2092 677 2138 vero
707 2073 876 2160 perpauci
904 2072 974 2138 nisi
1001 2093 1094 2140 unus
1122 2074 1157 2140 in
1192 2094 1232 2143 se

176 2206 317 2254 omnem
342 2182 551 2276 potestatem
580 2187 772 2254 contrahat.
791 2187 870 2255 Vita
895 2188 1010 2255 omnis
1032 2188 1068 2255 in
1093 2188 1234 2259 civitate

176 2323 195 2369 e
222 2304 334 2392 capite
361 2303 427 2369 isto
454 2302 595 2370 defluet.
620 2303 721 2371 Unus
749 2323 812 2392 pro
835 2305 977 2371 caeteris
1002 2304 1166 2393 cogitabit
1193 2325 1235 2374 ac
1347 2367 1349 2374 .

176 2439 278 2506 paene
302 2418 460 2506 spirabit.
486 2418 554 2499 Qui
576 2418 645 2485 nisi
664 2419 759 2486 Deus
781 2420 826 2486 sit
843 2425 1011 2506 quantum
1035 2419 1235 2509 pericnlum

56 2607 59 2614 ,
180 2534 223 2601 ab
241 2533 299 2601 illo
319 2534 437 2602 veniat
454 2534 565 2601 rides.
585 2534 629 2602 At
645 2535 757 2602 Deum
775 2554 852 2602 esse
870 2540 930 2602 aut
943 2535 1018 2604 Deo
1032 2536 1234 2625 proximum

179 2669 224 2716 ne
241 2649 380 2718 dubites
399 2672 405 2718 :
425 2650 518 2740 quod
535 2650 677 2740 quidem
692 2656 801 2718 restat
818 2656 857 2719 ut
877 2651 1169 2721 demonstremus

528 2925 556 2968 8ο
570 2923 656 2978 Leges
667 2927 749 2978 atque
762 2922 884 2978 tm'perla.
897 2892 900 2899 Ι

223 3109 384 3190 Mirarer,
407 3107 541 3176 dixerat
562 3108 735 3196 Socrates,
761 3109 911 3178 armenti
928 3111 1109 3180 custodem
1124 3133 1238 3202 quum

160 3230 316 3313 ,partem
358 3224 462 3311 hujus
497 3223 728 3314 Jugulaverit,
772 3232 876 3315 atque
918 3227 1064 3295 alteram
1098 3235 1239 3317 partem

179 3341 331 3408 maxime
352 3339 478 3408 exilem
493 3340 627 3426 lecerit,
649 3340 830 3409 nouvelle
856 3341 1015 3411 confiteri
1039 3364 1077 3412 se
1100 3345 1236 3416 malum

181 3456 362 3524 custodem
377 3477 475 3542 esse3
493 3462 527 3524 at
542 3457 735 3525 mirabilius
754 3459 799 3525 sit
812 3458 993 3526 hominem
1011 3460 1084 3528 suis
1100 3461 1238 3532 civibus

180 3573 419 3660 praepositum,
442 3594 549 3662 quum
570 3579 706 3663 partem
729 3574 874 3643 alteram
894 3575 1020 3666 horum
1042 3577 1239 3666 perdiderit

182 3692 287 3776 atque
308 3688 452 3756 alteram
474 3690 685 3778 corruperit,
713 3710 785 3758 non
809 3691 1020 3761 erubescere
1042 3712 1110 3761 neo
1135 3693 1240 3763 fateri

213 3949 246 4014 (l)
260 3949 392 4014 Potittcur,
404 3953 459 4012 302,
474 3965 498 4000 a.
