2782 4576
672 364 830 425 -68-

223 498 448 590 cogitandum
461 492 525 585 (l).
541 495 629 563 Inde
644 514 686 562 eo
698 493 802 563 modo
819 493 1048 563 concluditur.
1067 494 1282 585 «Nusquam

217 615 382 707 cognosci
406 632 526 682 assero
554 630 660 701 quam
699 631 867 701 magnum
899 609 1063 679 ludorum
1098 632 1209 701 genus
1236 611 1284 680 ad

218 730 337 822 legum
363 730 584 798 conditarum
604 726 829 796 stabilitatem
850 732 886 795 et
902 727 1133 796 mutationem
1152 727 1283 798 habeat

221 853 442 937 potestatem.
463 845 602 934 Quippe
627 843 658 910 si
679 842 747 910 hoc
761 843 810 910 ita
824 843 1023 912 ordinatum
1035 842 1147 912 'luerit
1161 849 1200 912 ut
1217 844 1281 912 iis·

220 961 302 1031 dem
330 962 422 1030 ludis
458 959 653 1029 secundum
682 958 806 1027 eadem
830 964 865 1026 et
887 958 1011 1026 eodem
1039 958 1144 1027 modo
1171 959 1283 1027 iidem

217 1078 380 1147 homines
393 1097 534 1166 semper
548 1079 692 1143 utantur
716 1080 752 1141 et
774 1073 1006 1160 delectentur,
1021 1074 1119 1163 leges
1136 1093 1279 1163 quoque

220 1195 312 1264 serio
341 1195 472 1285 positas
502 1191 645 1261 stabiles
675 1211 821 1259 manere
844 1191 1035 1280 permittit.
1066 1191 1130 1259 Sin
1161 1196 1283 1260 autem

217 1312 374 1376 mutetur
396 1305 434 1375 id
450 1326 576 1396 genus,
599 1304 750 1393 novique
771 1304 844 1371 ludi
867 1304 1021 1393 quotidie
1050 1304 1281 1393 inducantur,

219 1442 430 1512 semperque
455 1421 555 1489 novis
586 1418 762 1488 delectent
789 1419 1003 1505 inventis,...
1038 1426 1174 1509 pestem
1213 1419 1284 1489 hac

221 1538 355 1608 nullam
379 1538 506 1608 civitati
529 1537 698 1625 majorem
720 1536 795 1603 fore
816 1556 1015 1622 censemus,
1031 1541 1127 1604 recte
1153 1536 1280 1605 admo-

221 1655 307 1724 dum
326 1655 535 1745 judicantes
557 1653 667 1721 Mutat
686 1652 781 1720 enim
792 1653 985 1740 juventutis
1000 1672 1117 1720 mores
1130 1653 1283 1740 occulte,

220 1770 372 1862 facitque
396 1778 435 1841 ut
464 1771 580 1860 prisca
609 1768 753 1859 quidem
780 1768 878 1850 vilia,
911 1788 1002 1837 nova
1032 1790 1115 1837 vero
1145 1769 1285 1838 honore

223 1885 328 1975 digna
342 1885 537 1971 videantur.
561 1907 578 1952 n
597 1883 729 1952 Eadem
744 1883 880 1951 ratione
896 1888 931 1951 et
955 1885 992 1951 in
1010 1880 1158 1952 'ceteris
1172 1883 1285 1953 rebus

223 2000 338 2068 acrius
353 2000 565 2069 mutationes
590 1998 845 2084 condemnata,
867 1998 981 2087 quoad
997 1999 1041 2066 ad
1060 1998 1286 2088 disciplinam

218 2116 414 2205 juventutis
441 2117 609 2202 attinent;
637 2117 686 2184 ita
709 2121 748 2184 ut
763 2115 980 2198 saltationes,
997 2116 1283 2204 exercitationes

225 2238 371 2319 cantus,
392 2231 560 2318 carmina,
584 2230 751 2299 doctrinae
779 2231 901 2299 eadem
922 2235 1015 2299 stare
1044 2236 1220 2320 oporteat,
1243 2253 1288 2303 ac
1375 2230 1379 2240 ’

220 2339 294 2409 Diis
310 2338 424 2408 dicata
443 2339 588 2407 immota
599 2339 809 2407 conservari.

264 2454 414 2524 Adverte
430 2456 583 2543 primum
603 2455 790 2523 Platonem
804 2456 920 2544 legem
942 2456 1035 2525 hauc
1059 2477 1165 2545 quam
1179 2477 1280 2526 men·

220 2571 315 2640 tibus
338 2571 487 2662 imponit
511 2592 531 2640 a
555 2572 759 2661 corporibus
781 2571 825 2640 ad
843 2573 978 2640 animos
998 2573 1200 2642 transferre.
1218 2573 1287 2643 Se-

222 2704 332 2774 quere
357 2686 452 2753 enim
473 2685 564 2754 hanc
585 2686 756 2754 rationem
787 2707 794 2752 :
823 2724 867 2735 -
895 2686 1109 2775 Corporibus
1135 2688 1287 2755 mutatio

219 2799 431 2889 periculosa3
456 2801 594 2868 animus
614 2821 698 2890 ergo
724 2800 812 2867 nihil
846 2801 1056 2887 mutandus3
1077 2841 1122 2851 -
1149 2803 1287 2872 senties

220 2915 438 3003 praemissum
468 2915 592 2983 deesse
613 2936 691 3005 quae
719 2915 910 2984 Platonicae
941 2916 1109 2985 doctrinae
1137 2935 1288 3004 prorsus

221 3036 407 3121 repugnet,
430 3031 561 3100 scilicet
591 3032 720 3122 :atqui
747 3031 872 3100 cadom
899 3033 1036 3100 animus
1063 3052 1132 3122 qua
1153 3051 1287 3122 corpus

221 3146 300 3239 lege
323 3147 563 3239 adstringitur.
586 3149 707 3239 Itaque
737 3146 958 3237 disciplinam
989 3169 1180 3239 puerorum
1208 3151 1287 3239 pri-

223 3279 322 3328 mum
344 3260 389 3328 ad
412 3260 569 3329 divinum
589 3261 768 3350 exemplar
788 3261 971 3329 informari
986 3261 1179 3347 contendit,
1199 3262 1286 3331 dein

224 3397 333 3469 quum
350 3377 529 3467 exemplar
542 3377 629 3446 illud
644 3379 744 3467 quasi
759 3376 803 3446 de
815 3378 904 3448 coelo
922 3378 1066 3447 ductum
1079 3377 1223 3468 detegit,
1238 3399 1287 3447 en

224 3494 335 3584 pingit
372 3491 458 3561 illud
497 3515 540 3563 ex
579 3494 806 3563 similitudine
848 3468 1052 3584 corporum
1072 3493 1285 3582 viventium,

225 3614 330 3700 atque
357 3610 483 3680 eadem
505 3610 670 3694 mentita3
697 3629 780 3678 nam
811 3611 957 3679 mutatio
990 3611 1129 3699 corpori
1155 3610 1289 3681 viventi

225 3744 298 3794 non
320 3724 434 3795 solum
447 3725 649 3796 necessaria
664 3725 726 3794 sed
744 3725 850 3794 etiam
866 3725 998 3834 optima
1016 3725 1101 3794 dum
1116 3725 1167 3794 illi
1179 3725 1289 3814 pede·

260 3992 549 4058 mmmmm.
