2782 4576
614 351 772 412 449-

210 490 264 577 nt,
282 489 375 559 dicet
394 488 533 578 aliquio,
549 487 732 556 facultates
752 487 860 566 animi
877 487 1006 575 quibus
1020 486 1119 556 Plato
1134 476 1220 555 elas-

159 624 222 690 ses
243 602 445 693 reipublicae
466 600 551 670 alias
571 601 717 686 confert,
735 620 854 670 nonne
873 603 993 691 uigent
1012 607 1116 691 atque
1134 601 1220 689 ipsae

163 721 257 788 vires
279 720 388 788 sunt‘l
410 719 487 801 Quo
511 719 648 807 objecto
673 718 809 786 iacilius
833 724 989 787 nostram
1009 719 1221 805 sententiam

165 834 377 922 aperiemus.
388 833 521 901 Notum
541 833 705 900 omnibus
724 837 778 899 est
791 832 974 901 Platonem
994 832 1221 921 magistratus

167 947 380 1037 eosdemque
399 947 625 1036 philosophos
646 947 757 1015 menti
777 945 979 1033 contulisse,
992 945 1120 1013 milites
1140 965 1221 1014 cus·

166 1057 308 1126 todesve
336 1058 486 1146 pectori,
517 1056 660 1147 opifices
687 1064 791 1146 atque
824 1056 994 1146 agricolas
1024 1060 1138 1125 ventri
1167 1056 1222 1126 vel

167 1173 360 1261 cupiditati.
377 1173 588 1262 Exemplum
606 1192 779 1261 ponamus
793 1172 886 1240 hanc
904 1160 1061 1240 ultimam
1076 1173 1222 1242 faculta-

166 1291 239 1355 tem
252 1286 482 1375 classemquo.
502 1285 657 1371 Civibus,
679 1286 725 1353 ait
744 1291 875 1371 noster,
893 1285 1005 1354 labori
1021 1306 1061 1353 ac
1075 1285 1223 1374 quaestui
1306 1378 1309 1381 Ι

169 1401 277 1470 dediti
313 1403 521 1492 cupiditates
555 1401 689 1469 similes
720 1406 815 1487 sunt,
844 1402 1051 1492 cupiditates
1081 1403 1223 1493 quidem

168 1519 376 1586 necessariae
403 1517 545 1586 utilibus
567 1517 697 1595 fabris3
721 1516 930 1606 cupiditates
953 1537 1038 1585 vero
1066 1519 1223 1588 delicatae

169 1639 206 1702 et
229 1632 406 1702 effrenatae
430 1633 600 1722 operariis
626 1633 670 1699 ad
692 1632 866 1700 luxuriam
889 1633 1158 1720 pertinentibus.
1176 1633 1224 1701 Te

170 1768 275 1839 rogo;
288 1754 370 1817 sunt
390 1748 599 1836 cupiditates
611 1748 686 1814 istae
700 1748 738 1815 in
756 1747 899 1815 homine
915 1747 1046 1836 aliquid
1063 1749 1125 1816 abs
1142 1769 1224 1838 par-

169 1864 264 1933 tibus
287 1865 466 1954 corporeis
484 1862 612 1951 quibus
630 1863 812 1931 insidenti
831 1863 989 1949 Minime,
1006 1864 1222 1934 mehercule.

170 1979 297 2069 Neque
311 1980 437 2047 harum
450 1992 643 2046 concursus
653 1978 770 2067 reipsa
784 1978 907 2045 similis
919 1979 1102 2047 hominum
1116 1988 1227 2069 quaes‘·

171 2096 223 2163 tui
239 2094 436 2163 deditorum
450 2093 574 2162 turbae.
585 2092 684 2161 Plato
694 2092 771 2160 illas
784 2093 1015 2162 crabronibus
1032 2092 1224 2184 comparat]

172 2209 284 2279 Pravo
300 2216 339 2278 ut
354 2210 490 2299 opinor.
502 2208 594 2277 Nam
610 2208 734 2276 crabro
749 2209 897 2298 quisque
911 2210 950 2277 in
964 2215 1133 2279 semotus
1148 2231 1228 2280 cau-

177 2344 270 2411 sam,
292 2325 552 2413 essentiamque
570 2324 685 2391 vivam
706 2325 863 2392 continet
886 2347 893 2392 :
916 2326 1087 2414 cupiditas
1111 2325 1227 2395 autem

174 2459 322 2528 quaeque
346 2439 434 2507 nihil
458 2445 511 2507 est
532 2440 600 2507 nisi
624 2440 751 2507 modus
778 2440 920 2527 quidam
944 2460 1121 2530 corporeae
1144 2443 1227 2512 sub-

176 2556 310 2624 stantiae
341 2579 349 2620 :
378 2575 399 2622 a
426 2575 497 2643 qua
525 2555 704 2643 seiunctus
740 2554 877 2622 nullum
909 2561 1026 2624 motus
1056 2577 1124 2624 nec
1150 2559 1228 2626 vitae

175 2671 388 2760 principium
408 2670 576 2760 possidet,
598 2675 725 2758 praeter
747 2670 840 2759 quod
863 2691 966 2738 mens
989 2691 1030 2738 ac
1052 2671 1171 2762 lingua
1197 2675 1230 2741 ei

177 2783 344 2852 conserat.
359 2784 493 2852 Eodem
509 2790 610 2873 pacto
626 2783 749 2851 classis
767 2804 914 2873 quaeque
930 2784 1058 2853 civium
1075 2786 1162 2854 nihil
1177 2792 1231 2856 est

176 2901 308 2989 absque
328 2899 462 2968 civibus
481 2899 568 2989 ipsis
589 2899 669 2966 nisi·
682 2901 843 2990 cogitatio
863 2905 898 2969 et
918 2922 1061 2970 nomen.
1081 2902 1183 2984 Quod
1201 2903 1231 2970 si

149 3016 264 3086 'velis
289 3036 416 3105 corpus
442 3016 618 3105 quoddam
645 3016 762 3084 vivum
790 3016 942 3102 efficere,
967 3018 1043 3103 tibi,
1064 3018 1159 3106 quod
1188 3017 1232 3085 ad

177 3133 291 3200 virum
306 3152 483 3221 quemque
503 3133 639 3219 attinet,
656 3132 837 3221 jungenda
858 3133 1068 3222 corpuscula
1082 3135 1233 3202 viventia

179 3251 284 3333 atque
310 3247 416 3328 certis
439 3247 577 3336 legibus
601 3247 808 3334 ordinanda,
829 3267 902 3315 non
921 3246 1116 3333 facultateS‚
1140 3245 1234 3335 quod

179 3359 224 3428 ad
249 3361 469 3449 societatem,
487 3343 662 3452 jungendi
686 3369 791 3452 atque
817 3363 1004 3431 ordinandi
1029 3363 1139 3446 cives,
1162 3380 1234 3429 non

165 3476 326 3555 ,virtutes
340 3497 407 3545 nec
421 3478 525 3546 ldeae.
538 3479 628 3546 Tum
638 3499 786 3568 quaeque
801 3477 959 3567 corporis
972 3476 1150 3566 particula.
1162 3495 1233 3543 non

182 3608 290 3657 uuam
304 3590 376 3656 vim
390 3609 458 3657 nec
478 3590 572 3658 cives
587 3609 698 3657 unum
714 3609 845 3656 munus
861 3587 1095 3672 exercebunt3
1110 3606 1234 3655 verum

181 3707 345 3795 utrinque
363 3706 575 3795 multiplices
595 3706 695 3773 dotes
714 3706 880 3792 viresque
901 3702 1078 3793 vigebunt.
1101 3701 1235 3771 Eodem

183 3822 287 3890 modo
307 3842 411 3890 omne
430 3828 542 3890 totum
564 3842 608 3890 ex
626 3821 682 3888 his
706 3821 890 3890 elementis
909 3817 1101 3888 conflatum
1121 3819 1237 3887 multi-

181 3938 273 4027 jugis
291 3938 514 4027 qualitatibus
533 3938 717 4029 praeditum
737 3937 941 4028 apparebit:
958 3937 1041 4005 hinc
1060 3936 1233 4018 membra,

1098 4083 1118 4140 l
