2782 4576
586 337 743 397 -Μ,

135 490 218 540 cum
241 471 388 540 seientia
409 490 548 540 morum
574 471 782 558 commixta,
807 473 872 540 tihi
896 473 1191 541 considerandum

135 607 247 677 genus
260 588 457 656 humanum
477 593 513 657 et
531 587 600 656 illis
615 587 833 677 temporibus
848 589 1013 677 maxime,
1030 595 1065 657 et
1085 591 1189 657 etiam

134 702 276 789 nostris,
294 703 405 792 magis
417 703 558 791 ¹impetu
578 700 723 771 allectus
747 722 787 770 ac
805 703 963 771 moribus
981 704 1020 771 in
1040 703 1189 771 societa-

134 824 206 889 tem
219 818 332 909 redigi
346 838 452 909 quam
467 819 637 889 doctrina.
657 818 785 888 Multos
801 821 896 888 enim
912 820 1022 888 etiam
1041 840 1137 889 nunc
1151 822 1188 888 in

134 955 273 1028 quaque
297 941 401 1025 gente
427 936 597 1024 reperies,
624 937 684 1026 qui
713 957 734 1004 a
760 937 866 1005 rebus
896 938 1088 1005 abstractas
1109 938 1190 1007 vitae

132 1052 329 1121 communis
357 1050 575 1120 conditiones
613 1072 758 1141 prorsus
789 1054 971 1144 ignorent,
1002 1054 1190 1142 vivantque

131 1170 360 1239 nihilominus
373 1169 632 1238 conditionibus
640 1168 695 1238 his
710 1176 889 1258 parentes,
901 1191 942 1238 ae
953 1191 1048 1260 saepe
1059 1172 1190 1260 optime

131 1288 175 1357 de
189 1287 370 1378 republica
385 1292 558 1355 mereant.
576 1277 718 1355 Moralis
737 1286 795 1355 lex
815 1291 868 1357 est
880 1287 974 1377 apud
989 1286 1068 1355 illos
1082 1289 1189 1356 unica

132 1403 1188 1494 civihsdoctrina‚sniautcmmaleconscia‚etquamnatura,

133 1522 176 1591 de
198 1519 439 1590 conservanda
459 1525 494 1590 et
515 1521 678 1610 augenda
696 1521 883 1589 hominum
905 1521 1072 1590 societate
1094 1521 1191 1590 solli-

133 1638 213 1726 cita,
229 1639 268 1706 in
288 1643 369 1706 actu
387 1637 494 1706 voluit
515 1635 593 1705 esse
624 1642 813 1726 antequam
839 1638 876 1705 in
903 1639 1122 1726 cogitatione.
1149 1638 1194 1706 At
1240 1700 1243 1709 .

132 1752 220 1821 tales
235 1751 398 1819 homines
414 1750 542 1840 quihus
553 1749 743 1818 honestum
753 1752 790 1818 in
802 1751 899 1819 omni
911 1751 1048 1819 actione
1061 1752 1192 1840 optima

109 1888 111 1890 ’
132 1867 189 1936 vel
203 1866 277 1934 sola
295 1858 417 1955 regula
440 1866 659 1955 proponitur,
682 1885 793 1954 quum
814 1866 932 1935 vident
951 1887 1010 1934 res
1031 1865 1190 1955 publicas

132 1980 235 2048 aliter
257 1999 298 2047 ac
318 1979 538 2068 speraverint
556 1983 708 2060 vertere,
729 1999 841 2047 unum
860 1979 946 2048 illud
960 1980 1048 2048 votis
1071 1979 1192 2070 appel-

133 2096 221 2182 lant,
236 2096 499 2164 scilicetmores
512 2096 551 2163 in
562 2095 689 2164 melius
706 2096 849 2185 corrigi:
867 2117 931 2184 pro
945 2097 1040 2165 hono
1050 2096 1192 2185 publico

133 2213 350 2303 privatorum
371 2212 594 2280 honestatem
611 2210 756 2280 hahent.
780 2211 833 2280 Ita
852 2212 1045 2280 animatum
1061 2212 1091 2280 si
1106 2233 1192 2281 nos·

132 2332 226 2395 trum
255 2327 505 2416 philosophum
533 2326 597 2395 tihi
615 2326 731 2422 fingis,
753 2327 927 2417 intelliges
945 2328 1045 2396 illum
1067 2348 1191 2397 neces-

133 2444 225 2511 sario
246 2443 437 2511 credidisse
455 2443 622 2534 optimam
639 2464 677 2512 se
692 2449 920 2533 reperturum
933 2444 1191 2534 rempublicam

133 2560 163 2627 si
186 2580 255 2649 qua
279 2560 384 2628 luerit
408 2559 469 2629 uhi
496 2559 607 2628 virtus
637 2561 764 2650 cuique
796 2562 862 2629 civi
887 2581 1110 2652 quacumque
1136 2563 1192 2632 via
1228 2630 1233 2636 .

132 2675 392 2764 imponeretur;
417 2679 523 2762 atque
543 2679 709 2742 conatum
729 2674 838 2741 fuisse
860 2673 905 2741 ad
924 2675 1191 2762 exprimendam

131 2786 237 2876 hujus
268 2786 471 2876 imaginem.
507 2785 641 2854 Verum
674 2805 747 2853 non
774 2785 893 2854 minus
923 2805 1069 2854 necesse
1103 2792 1190 2874 erat,
1247 2768 1251 2777 ⁵

132 2902 291 2992 quamvis
306 2902 472 2997 exiguum
488 2900 553 2970 sub
570 2907 753 2992 aspectum
766 2922 843 2971 rem
858 2901 1078 2991 subjecisset,
1095 2903 1192 2992 inge-

130 3017 190 3085 nio
214 3017 396 3106 praestanti
419 3017 516 3085 hunc
544 3018 731 3106 praeditum
753 3018 887 3108 aliquas
918 3022 1072 3108 captare,
1095 3018 1191 3087 velut

128 3133 243 3222 primo
259 3134 415 3203 scientiae
431 3133 598 3223 diluculo,
608 3136 690 3204 vitoe
705 3136 904 3204 communis
919 3134 1140 3204 conditiones
1156 3132 1204 3204 et'

132 3250 317 3320 materiem
328 3250 401 3339 jam
417 3256 578 3340 paratam
597 3253 793 3321 successori
807 3252 958 3321 tradere.

174 3382 248 3450 Lex
272 3402 413 3451 morum
434 3382 559 3454 eadem
584 3385 750 3454 omnihus
775 3390 885 3453 estet
907 3383 1004 3453 nullo
1031 3390 1189 3475 tempore

131 3495 198 3564 sihi
214 3496 333 3586 dispar
344 3503 460 3585 potest
477 3519 659 3588 apparere.
675 3500 766 3590 Ergo
778 3520 888 3589 quum
899 3500 1082 3569 scientiam
1096 3499 1188 3590 poli-

129 3609 235 3678 ticam
251 3611 375 3679 morali
398 3612 592 3703 disciplinae
611 3614 710 3683 Plato
731 3615 882 3703 subjicit,
907 3614 1011 3683 simul
1033 3614 1188 3684 instituta

131 3722 256 3811 civilia,
279 3745 359 3815 quae
369 3732 466 3796 recta
478 3727 561 3813 sint,
579 3728 743 3797 omnihus
758 3749 831 3797 una
844 3734 948 3819 atque
963 3734 1094 3799 aeterna
1109 3748 1187 3797 esse

130 3839 322 3908 contendit.
350 3840 430 3910 Non
460 3847 620 3911 nostrum
645 3850 698 3913 est
725 3849 920 3913 monstrare
944 3844 1073 3933 quihus
1095 3844 1188 3934 apud

130 3955 264 4025 vicinas
281 3963 406 4049 gentes
428 3958 660 4052 deprehensis
674 3962 767 4033 notis
785 3962 853 4033 hoe
868 3962 1016 4033 coeleste.
1025 3966 1187 4031 vocatum
