2782 4576
576 345 736 405 -77-

134 483 280 551 modum
294 483 339 551 de
355 480 503 550 subditis
526 479 690 547 omnibus
712 478 995 567 Thrasymachus
1011 479 1189 546 existima-

136 600 210 683 bat,
228 599 291 668 sed
307 599 389 688 quia
407 602 551 686 praestat
566 596 693 685 cuique
714 594 831 664 divino
849 596 1070 685 sapientique
1092 596 1191 685 prin-

138 716 207 805 cipi
242 715 388 803 subjici,
433 713 586 781 maxime
619 712 761 801 quidem
794 713 824 780 si
862 712 966 781 talem
999 713 1038 779 in
1076 713 1191 802 seipso

139 832 333 921 principem
349 829 494 915 habeon
515 829 546 896 si
560 849 632 897 nou
649 828 790 914 haheat,
807 828 959 917 principi
972 828 1056 897 huic
1069 829 1191 897 saltem

141 948 323 1032 exteriori3
342 952 382 1015 ut
405 965 529 1014 omnes
552 945 675 1032 simus,
701 945 817 1033 quoad
840 944 918 1012 fieri
941 949 1056 1033 potest
1077 946 1194 1014 consi-

141 1063 242 1131 miles
266 1069 301 1131 et
323 1063 440 1150 amici,
461 1062 576 1130 eidem
599 1061 751 1150 principi
774 1061 923 1151 subJeoti
949 1060 1049 1149 (l).n
1073 1061 1124 1130 Ac
1150 1083 1196 1130 ne

143 1180 222 1268 quis
247 1179 385 1247 fallatur
407 1177 525 1265 adjicit
544 1176 642 1245 Plato
666 1174 762 1244 idem
785 1195 806 1244 a
829 1175 987 1266 patribus
1010 1175 1048 1244 in
1068 1197 1197 1266 pueros

144 1293 333 1381 imperium
353 1294 522 1361 exerceri.

189 1409 281 1500 Ergo
313 1410 446 1499 pendet
478 1410 584 1477 totius
617 1409 774 1498 corporis
804 1409 913 1478 civilis
937 1409 1007 1476 vita
1034 1429 1053 1477 e
1078 1415 1198 1477 mente

145 1524 337 1613 prudentes
351 1525 429 1610 viri,
451 1543 564 1613 quaee
584 1523 658 1591 Deo
684 1523 826 1612 pendet.
844 1523 1060 1612 Principium
1083 1530 1200 1592 motus

145 1642 233 1710 recti
247 1640 342 1709 Deus
356 1641 395 1709 in
406 1646 539 1728 mente,
556 1661 659 1708 mens
672 1639 710 1707 in
731 1640 953 1729 philosophe,
969 1639 1200 1730 philosophus
1309 1654 1312 1659 '

148 1764 265 1826 autem
277 1757 314 1825 in
332 1758 482 1826 civitate.
504 1757 617 1839 Quam
640 1757 798 1846 prudens
819 1758 872 1825 vir
886 1758 924 1824 in
943 1778 1054 1825 unum
1074 1757 1202 1847 redigit

147 1874 311 1943 virtutem
327 1875 492 1943 omnibus
505 1874 666 1964 partibus
678 1874 880 1962 imponens
896 1873 931 1940 id
947 1879 1001 1941 est
1016 1873 1198 1960 justitiam.

149 1988 225 2057 Hoc
250 1995 305 2057 est
325 1989 513 2059 Platonicae
537 1988 706 2058 doctrinae
728 1988 772 2056 de
796 1988 933 2056 civitate
959 1987 1136 2078 fastigium
1161 2007 1202 2054 ac

150 2121 299 2170 summa.

549 2297 825 2368 cannamomum..

199 2505 422 2594 Quamquam
440 2524 514 2572 non
530 2504 654 2591 ‚dubito
667 2523 828 2571 asserere
843 2503 981 2572 Platoni
998 2504 1116 2593 reipsa
1136 2505 1205 2574 vita

153 2620 335 2710 praeditam
364 2619 476 2687 videri
503 2619 689 2686 civitatem.
724 2617 778 2685 Ne
802 2622 922 2685 nostra
945 2617 1116 2685 memoria
1143 2638 1204 2686 ex-

154 2737 246 2806 cidat
268 2736 352 2804 artis
371 2735 541 2804 miracula
565 2735 763 2804 secundum
791 2733 975 2804 Platonem
995 2740 1130 2803 naturae
1152 2736 1206 2825 ip-

154 2853 227 2922 sius
242 2858 379 2942 partem
400 2874 491 2921 esse.
513 2875 530 2919 a
547 2853 582 2920 Μ
586 2854 665 2921 ultae
680 2853 895 2938 occasiones
910 2852 1026 2942 inquit
1043 2852 1081 2920 in
1103 2851 1207 2942 Lepi-

154 2966 238 3051 brm,
269 2965 443 3033 solvendae
475 2965 678 3054 reipublicae
702 2965 1001 3053 quemadmodum
1025 2966 1124 3034 navis
1149 2973 1209 3034 aut

155 3080 315 3149 animalis
342 3081 526 3168 cuiusdam
547 3101 626 3149 esse
650 3082 825 3166 videntur,
853 3101 1002 3172 quarum
1030 3081 1113 3150 licet
1138 3103 1210 3150 una

156 3203 281 3265 natura
307 3198 351 3266 sit
370 3197 502 3286 ubique
522 3196 660 3284 diffusa,
686 3218 746 3266 eas
770 3205 846 3265 tum
868 3197 1085 3265 intentiones
1107 3197 1209 3266 iulci-

154 3319 344 3402 menteque
373 3318 408 3381 et
435 3298 625 3382 nervorum
663 3313 888 3381 extensiones
913 3311 1104 3402 multisque
1135 3312 1210 3381 aliis

40 3485 47 3494 .
156 3432 358 3500 nominibus
381 3430 598 3519 appellamus
621 3429 719 3518 (2).»
741 3427 819 3509 Quo
837 3429 914 3497 loco
938 3429 1022 3496 satis
1051 3435 1209 3518 apparet,

155 3548 194 3610 ut
222 3541 308 3609 mihi
336 3541 488 3629 videtur,
518 3541 654 3610 nullum
684 3541 881 3610 secundum
910 3539 1092 3608 Platonem
1121 3540 1212 3608 iuter

158 3657 346 3727 animantia
361 3664 396 3726 et
414 3657 595 3727 machinas
610 3658 765 3727 humana
784 3661 858 3726 arte
878 3661 1029 3726 structas
1044 3654 1211 3726 differen-

139 3921 143 3928 ’
192 3933 227 3998 (l)
242 3933 279 3984 De
290 3934 363 3997 lien,
376 3936 432 3996 59⁰,
441 3946 469 3996 c;
483 3931 521 3982 De
529 3930 647 3997 Lepidus,
657 3933 703 3982 us
713 3946 739 3994 a,
751 3946 772 3982 c.
786 3957 816 3969 -
828 3929 864 3995 (2)
876 3931 912 3980 De
922 3928 1039 3996 Lepidm,
1048 3934 1104 3991 alo,
1116 3945 1140 3994 r,
1156 3931 1214 3981 Vid.

161 4009 290 4075 imprimis
306 4010 344 4059 De
358 4010 428 4074 Lep„
441 4007 533 4071 ΒΜ.
