2782 4576
619 332 777 392 ..54-

167 482 334 552 mumque
350 482 458 551 quum
472 463 510 531 in
526 483 653 554 corpus
673 463 855 532 descendit
877 484 1020 532 omnem
1036 465 1107 531 vim
1122 465 1161 531 in
1183 484 1224 532 se

164 577 308 646 insitam
323 577 494 662 amittere,
510 582 614 667 atque
628 579 708 647 vitae
723 599 872 648 munera
886 579 1064 668 praecipua
1076 579 1225 648 totidem

164 694 306 763 morbos
332 693 500 783 appellari
526 693 591 782 (1).
619 693 756 783 Corpus
778 700 897 764 autem
923 695 1071 763 civitatis
1096 695 1226 766 iisdem

162 809 311 899 legibuS,
339 809 466 897 quibus
490 809 643 877 hominis
663 810 833 900 cujusque
859 830 998 899 corpus,
1024 810 1100 900 regi
1128 830 1227 879 com·

167 931 307 1013 pentum
336 929 399 993 est.
431 922 518 1004 Quae
545 945 654 1014 quum
673 925 721 993 ita
750 926 831 1011 sint,
848 924 1021 1015 quomodo
1044 925 1140 994 laetas
1164 945 1225 994 res

163 1040 249 1131 ipsis
276 1040 472 1122 civitatibus
500 1060 572 1108 non
601 1039 788 1130 quamdam
824 1040 933 1108 animi
960 1040 1076 1108 labem
1104 1040 1225 1109 existi-

165 1156 336 1242 maverit?
359 1154 537 1245 Quidquid
560 1155 598 1222 in
619 1155 771 1246 Dialogis
800 1155 843 1224 ab
870 1157 938 1224 hac
965 1155 1139 1225 sententia
1166 1175 1221 1225 re·

166 1271 288 1353 cedat,
322 1290 530 1339 censeamus
557 1277 678 1340 contra
711 1271 804 1361 vulgi
839 1271 1033 1361 depravate
1064 1268 1224 1360 opinioni

166 1407 387 1456 concessum.
401 1385 454 1455 Ne
469 1387 639 1454 miremur
650 1407 733 1477 ergo
749 1407 830 1455 eum
845 1386 938 1477 quod
953 1386 1149 1455 audivimus
1164 1407 1225 1454 ex-

169 1503 337 1571 clamare:
348 1501 434 1570 nihil
449 1501 681 1571 refertutrum
690 1502 809 1591 jejuna
824 1523 868 1571 an
879 1502 958 1571 laeta
966 1503 1011 1572 sit
1023 1501 1227 1590 respublica

171 1618 256 1687 dum
266 1618 430 1687 virtutem
446 1618 625 1703 exerceat!
646 1618 739 1698 Quin
755 1618 873 1705 etiam,
886 1619 997 1686 nescit
1011 1617 1057 1704 (si
1071 1617 1165 1707 quod
1182 1616 1227 1685 de

169 1733 316 1802 humine
345 1753 416 1801 uno
443 1733 487 1801 de
518 1733 655 1802 civitate
682 1732 836 1822 dicitur),
853 1739 972 1801 utrum
998 1732 1126 1801 referat
1147 1752 1225 1800 eam

169 1850 285 1919 vivere
309 1869 355 1918 an
374 1849 476 1935 mori,
492 1855 531 1930 ut
552 1869 694 1938 aequum
716 1853 781 1935 est,
807 1849 864 1916 oui
884 1848 1046 1916 videntur
1069 1849 1227 1938 corporis

168 1966 261 2033 vices
276 1964 363 2033 nihil
375 1965 419 2033 ad
433 1964 590 2032 animum
606 1969 777 2053 spectare.
792 1985 808 2031 u
823 1961 904 2032 Non
918 1963 1134 2061 abjiciendus
1147 1963 1226 2032 bel·

168 2080 284 2148 licosis
302 2080 506 2148 hominihus
522 2081 552 2146 is
563 2080 659 2148 Deus
675 2085 728 2147 est
742 2079 890 2167 (scilicet
903 2078 1022 2168 Pluto)
1033 2078 1096 2147 sed
1110 2077 1228 2147 colen·

170 2196 250 2284 dus,
265 2202 433 2284 tanquam
450 2195 570 2285 generi
586 2195 770 2263 hominum
789 2214 931 2283 semper
950 2194 1117 2282 optimus.
1133 2193 1225 2262 Nam

167 2311 292 2379 animae
313 2311 540 2400 corporisque
562 2311 759 2397 conjunctio
781 2308 1002 2377 nullomodo
1024 2308 1148 2376 melior
1170 2314 1225 2378 est

170 2447 275 2514 quam
291 2426 428 2512 soluti0‚
453 2430 491 2493 ut
512 2446 576 2515 ego
590 2426 681 2493 serio
701 2425 850 2513 loquens
864 2423 998 2492 affirmo
1015 2423 1079 2513 (2).
1099 2445 1115 2491 u
1133 2422 1227 2492 Hinc
1250 2498 1252 2502 Α

170 2542 342 2610 damnatae
365 2541 503 2628 divitie,
527 2547 645 2630 utpote
665 2539 805 2608 vincula
825 2539 950 2608 animae
977 2545 1174 2629 gravantes
1192 2545 1228 2607 et

167 2656 247 2726 ideo
276 2677 347 2726 non
383 2657 497 2726 solum
522 2656 683 2726 amicitiae
715 2655 778 2723 sed
811 2656 963 2723 maxime
989 2654 1108 2723 virtuti
1142 2673 1229 2722 con-

167 2772 296 2841 traciae.

593 2964 622 3006 70
642 2963 801 3017 Disciplina.

213 3152 298 3222 Haec
321 3158 403 3222 sunt
428 3153 586 3222 instituta
604 3148 742 3222 Platoni
758 3153 952 3240 carissima,
980 3152 1130 3222 maxime
1145 3159 1226 3244 apta

170 3269 337 3338 adunam
360 3268 578 3337 efficiendam
594 3269 781 3355 civitatem,
806 3268 939 3336 scilicet
958 3289 975 3334 c
999 3269 1118 3338 omnia
1135 3270 1229 3340 inter

169 3387 299 3455 amicos
312 3406 390 3453 esse
406 3387 616 3454 communia.
637 3407 654 3451 r>
680 3384 750 3452 Sed
770 3383 827 3451 lex
849 3383 1100 3472 parumvalida
1116 3407 1227 3475 quum

171 3504 243 3574 suis
267 3502 350 3571 solis
372 3502 504 3571 viribus
529 3487 618 3568 freta
641 3506 778 3568 veteres
803 3520 919 3568 mores
943 3501 1049 3589 coepit
1069 3501 1228 3572 funditus

169 3626 339 3689 evertere.
371 3617 581 3687 Advocanda
610 3617 769 3685 educatio
795 3638 874 3706 quae
907 3617 1074 3686 radicitus
1102 3618 1230 3688 evellat

170 3735 340 3826 quidquid
366 3735 466 3804 novis
481 3734 618 3823 legibus
646 3733 774 3822 obstet,
804 3734 875 3802 imo
905 3755 983 3824 quae
1008 3734 1147 3826 legibus
1161 3735 1224 3806 ad·

201 3967 235 4032 (1)
253 3967 290 4015 De
302 3967 368 4030 Lep,
388 3970 444 4029 ηδ,
458 3980 484 4028 a,
494 3960 642 4036 νοσήματα.
660 3991 690 4004 -
706 3965 740 4030 (Ξ)
754 3966 790 4016 De
800 3966 869 4030 Lep,
884 3969 938 4031 828,
950 3965 977 4015 d.
