<?xml version="1.0" encoding="UTF-8"?>
<!DOCTYPE html PUBLIC "-//W3C//DTD XHTML 1.0 Transitional//EN"
    "http://www.w3.org/TR/xhtml1/DTD/xhtml1-transitional.dtd">
<html xmlns="http://www.w3.org/1999/xhtml" xml:lang="en" lang="en">
 <head>
  <title>
</title>
<meta http-equiv="Content-Type" content="text/html;charset=utf-8" />
  <meta name='ocr-system' content='tesseract 3.04.00' />
  <meta name='ocr-capabilities' content='ocr_page ocr_carea ocr_par ocr_line ocrx_word'/>
</head>
<body>
  <div class='ocr_page' id='page_1' title='image "./decivitateapudp00espigoog_0054.png"; bbox 0 0 2782 4576; ppageno 0'>
   <div class='ocr_carea' id='block_1_1' title="bbox 573 331 792 404">
    <p class='ocr_par' dir='ltr' id='par_1_1' title="bbox 573 331 792 404">
     <span class='ocr_line' id='line_1_1' title="bbox 573 331 792 404; baseline -0.005 -23"><span class='ocrx_word' id='word_1_1' title='bbox 573 331 731 404; x_wconf 65' lang='lat'><strong>..47-</strong></span> <span class='ocrx_word' id='word_1_2' title='bbox 789 349 792 353; x_wconf 92' lang='lat'>·</span> 
     </span>
    </p>
   </div>
   <div class='ocr_carea' id='block_1_2' title="bbox 120 467 1238 3800">
    <p class='ocr_par' dir='ltr' id='par_1_2' title="bbox 120 467 1238 3800">
     <span class='ocr_line' id='line_1_2' title="bbox 120 467 1177 560; baseline 0.002 -22"><span class='ocrx_word' id='word_1_3' title='bbox 120 472 226 540; x_wconf 88' lang='lat' dir='ltr'><strong>verba</strong></span> <span class='ocrx_word' id='word_1_4' title='bbox 262 497 269 537; x_wconf 92' lang='lat'>:</span> <span class='ocrx_word' id='word_1_5' title='bbox 297 471 374 539; x_wconf 81' lang='lat' dir='ltr'><strong>«ln</strong></span> <span class='ocrx_word' id='word_1_6' title='bbox 402 491 472 559; x_wconf 89' lang='lat' dir='ltr'><strong>quo</strong></span> <span class='ocrx_word' id='word_1_7' title='bbox 504 469 608 560; x_wconf 86' lang='lat' dir='ltr'><strong>plane</strong></span> <span class='ocrx_word' id='word_1_8' title='bbox 630 468 816 537; x_wconf 80' lang='lat' dir='ltr'><strong>ostendere</strong></span> <span class='ocrx_word' id='word_1_9' title='bbox 843 467 1060 555; x_wconf 79' lang='lat' dir='ltr'><strong>volebamus,</strong></span> <span class='ocrx_word' id='word_1_10' title='bbox 1084 471 1177 559; x_wconf 88' lang='lat' dir='ltr'><strong>quod</strong></span> 
     </span>
     <span class='ocr_line' id='line_1_3' title="bbox 122 570 1179 676; baseline 0.002 -21"><span class='ocrx_word' id='word_1_11' title='bbox 122 593 157 655; x_wconf 88' lang='lat' dir='ltr'><strong>et</strong></span> <span class='ocrx_word' id='word_1_12' title='bbox 181 586 327 655; x_wconf 82' lang='lat' dir='ltr'><strong>aliorum</strong></span> <span class='ocrx_word' id='word_1_13' title='bbox 345 587 481 656; x_wconf 76' lang='lat' dir='ltr'><strong>‘civium</strong></span> <span class='ocrx_word' id='word_1_14' title='bbox 507 604 796 674; x_wconf 87' lang='lat' dir='ltr'><strong>unumquemque</strong></span> <span class='ocrx_word' id='word_1_15' title='bbox 824 583 868 652; x_wconf 90' lang='lat' dir='ltr'><strong>ad</strong></span> <span class='ocrx_word' id='word_1_16' title='bbox 888 602 999 653; x_wconf 90' lang='lat' dir='ltr'><strong>unum</strong></span> <span class='ocrx_word' id='word_1_17' title='bbox 1015 570 1064 652; x_wconf 85' lang='lat' dir='ltr'><strong>&#39;id</strong></span> <span class='ocrx_word' id='word_1_18' title='bbox 1090 607 1179 676; x_wconf 90' lang='lat' dir='ltr'><strong>opus</strong></span> 
     </span>
     <span class='ocr_line' id='line_1_4' title="bbox 122 699 1217 790; baseline 0 -20"><span class='ocrx_word' id='word_1_19' title='bbox 122 702 289 773; x_wconf 77' lang='lat' dir='ltr'><strong>duntaxat</strong></span> <span class='ocrx_word' id='word_1_20' title='bbox 311 701 355 770; x_wconf 90' lang='lat' dir='ltr'><strong>ad</strong></span> <span class='ocrx_word' id='word_1_21' title='bbox 380 702 474 790; x_wconf 86' lang='lat' dir='ltr'><strong>quod</strong></span> <span class='ocrx_word' id='word_1_22' title='bbox 506 707 632 771; x_wconf 86' lang='lat' dir='ltr'><strong>natura</strong></span> <span class='ocrx_word' id='word_1_23' title='bbox 660 707 713 769; x_wconf 89' lang='lat' dir='ltr'><strong>est</strong></span> <span class='ocrx_word' id='word_1_24' title='bbox 740 706 864 790; x_wconf 87' lang='lat' dir='ltr'><strong>aptus,</strong></span> <span class='ocrx_word' id='word_1_25' title='bbox 891 699 1022 769; x_wconf 88' lang='lat' dir='ltr'><strong>ducere</strong></span> <span class='ocrx_word' id='word_1_26' title='bbox 1056 700 1176 788; x_wconf 85' lang='lat' dir='ltr'><strong>decet,</strong></span> <span class='ocrx_word' id='word_1_27' title='bbox 1212 731 1217 738; x_wconf 95' lang='lat'><em>·</em></span> 
     </span>
     <span class='ocr_line' id='line_1_5' title="bbox 122 798 1179 907; baseline 0 -21"><span class='ocrx_word' id='word_1_28' title='bbox 122 824 160 887; x_wconf 92' lang='lat' dir='ltr'><strong>ut</strong></span> <span class='ocrx_word' id='word_1_29' title='bbox 183 819 333 907; x_wconf 91' lang='lat' dir='ltr'><strong>quisque</strong></span> <span class='ocrx_word' id='word_1_30' title='bbox 359 838 470 886; x_wconf 91' lang='lat' dir='ltr'><strong>unum</strong></span> <span class='ocrx_word' id='word_1_31' title='bbox 493 814 635 904; x_wconf 84' lang='lat' dir='ltr'>aliquod</span> <span class='ocrx_word' id='word_1_32' title='bbox 658 835 763 883; x_wconf 88' lang='lat' dir='ltr'><strong>suum</strong></span> <span class='ocrx_word' id='word_1_33' title='bbox 785 835 873 905; x_wconf 93' lang='lat' dir='ltr'><strong>opus</strong></span> <span class='ocrx_word' id='word_1_34' title='bbox 897 801 1081 903; x_wconf 86' lang='lat' dir='ltr'><strong>exercens,</strong></span> <span class='ocrx_word' id='word_1_35' title='bbox 1107 798 1179 887; x_wconf 79' lang='lat' dir='ltr'><strong>non</strong></span> 
     </span>
     <span class='ocr_line' id='line_1_6' title="bbox 124 913 1178 1020; baseline 0.001 -19"><span class='ocrx_word' id='word_1_36' title='bbox 124 934 224 1002; x_wconf 89' lang='lat' dir='ltr'><strong>multi</strong></span> <span class='ocrx_word' id='word_1_37' title='bbox 239 935 425 1001; x_wconf 91' lang='lat' dir='ltr'><strong>sedunum</strong></span> <span class='ocrx_word' id='word_1_38' title='bbox 439 933 576 1018; x_wconf 84' lang='lat' dir='ltr'><strong>existat,</strong></span> <span class='ocrx_word' id='word_1_39' title='bbox 599 938 704 1020; x_wconf 84' lang='lat' dir='ltr'><strong>atque</strong></span> <span class='ocrx_word' id='word_1_40' title='bbox 725 931 773 999; x_wconf 89' lang='lat' dir='ltr'><strong>ita</strong></span> <span class='ocrx_word' id='word_1_41' title='bbox 794 931 916 1000; x_wconf 88' lang='lat' dir='ltr'><strong>civitas</strong></span> <span class='ocrx_word' id='word_1_42' title='bbox 928 937 1092 1001; x_wconf 52' lang='lat' dir='ltr'><strong>tota’una</strong></span> <span class='ocrx_word' id='word_1_43' title='bbox 1105 913 1178 1019; x_wconf 67' lang='lat' dir='ltr'><strong>fiet}</strong></span> 
     </span>
     <span class='ocr_line' id='line_1_7' title="bbox 122 1033 1217 1137; baseline 0.003 -21"><span class='ocrx_word' id='word_1_44' title='bbox 122 1070 194 1118; x_wconf 90' lang='lat' dir='ltr'><strong>non</strong></span> <span class='ocrx_word' id='word_1_45' title='bbox 229 1049 349 1117; x_wconf 87' lang='lat' dir='ltr'><strong>multae</strong></span> <span class='ocrx_word' id='word_1_46' title='bbox 383 1047 449 1137; x_wconf 84' lang='lat'>(1).</span> <span class='ocrx_word' id='word_1_47' title='bbox 469 1071 487 1115; x_wconf 83' lang='lat' dir='ltr'><strong>n</strong></span> <span class='ocrx_word' id='word_1_48' title='bbox 511 1047 649 1128; x_wconf 87' lang='lat' dir='ltr'><strong>Quibus</strong></span> <span class='ocrx_word' id='word_1_49' title='bbox 673 1047 791 1116; x_wconf 83' lang='lat' dir='ltr'><strong>verbis</strong></span> <span class='ocrx_word' id='word_1_50' title='bbox 829 1047 1099 1137; x_wconf 86' lang='lat' dir='ltr'><strong>intelligendum</strong></span> <span class='ocrx_word' id='word_1_51' title='bbox 1127 1033 1182 1119; x_wconf 83' lang='lat' dir='ltr'><strong>est</strong></span> <span class='ocrx_word' id='word_1_52' title='bbox 1215 1079 1217 1082; x_wconf 91' lang='grc'><em>·</em></span> 
     </span>
     <span class='ocr_line' id='line_1_8' title="bbox 122 1162 1177 1254; baseline 0.001 -22"><span class='ocrx_word' id='word_1_53' title='bbox 122 1185 410 1254; x_wconf 89' lang='lat' dir='ltr'><strong>unumquemque</strong></span> <span class='ocrx_word' id='word_1_54' title='bbox 429 1163 557 1231; x_wconf 90' lang='lat' dir='ltr'><strong>civium</strong></span> <span class='ocrx_word' id='word_1_55' title='bbox 572 1162 731 1251; x_wconf 87' lang='lat' dir='ltr'><strong>quamvis</strong></span> <span class='ocrx_word' id='word_1_56' title='bbox 749 1162 869 1250; x_wconf 89' lang='lat' dir='ltr'><strong>plures</strong></span> <span class='ocrx_word' id='word_1_57' title='bbox 892 1169 984 1232; x_wconf 89' lang='lat' dir='ltr'><strong>artes</strong></span> <span class='ocrx_word' id='word_1_58' title='bbox 1010 1177 1177 1234; x_wconf 79' lang='lat' dir='ltr'><strong>exercere</strong></span> 
     </span>
     <span class='ocr_line' id='line_1_9' title="bbox 124 1278 1180 1369; baseline 0.002 -22"><span class='ocrx_word' id='word_1_59' title='bbox 124 1287 228 1369; x_wconf 87' lang='lat' dir='ltr'><strong>utque</strong></span> <span class='ocrx_word' id='word_1_60' title='bbox 243 1279 364 1368; x_wconf 88' lang='lat' dir='ltr'><strong>plures</strong></span> <span class='ocrx_word' id='word_1_61' title='bbox 380 1285 498 1369; x_wconf 90' lang='lat' dir='ltr'><strong>partes</strong></span> <span class='ocrx_word' id='word_1_62' title='bbox 518 1299 622 1368; x_wconf 82' lang='lat' dir='ltr'><strong>ogere</strong></span> <span class='ocrx_word' id='word_1_63' title='bbox 641 1278 766 1367; x_wconf 82' lang='lat' dir='ltr'><strong>possit,</strong></span> <span class='ocrx_word' id='word_1_64' title='bbox 787 1278 852 1347; x_wconf 90' lang='lat' dir='ltr'><strong>uni</strong></span> <span class='ocrx_word' id='word_1_65' title='bbox 871 1279 1012 1347; x_wconf 89' lang='lat' dir='ltr'><strong>muneri</strong></span> <span class='ocrx_word' id='word_1_66' title='bbox 1029 1281 1180 1349; x_wconf 90' lang='lat' dir='ltr'><strong>circum-</strong></span> 
     </span>
     <span class='ocr_line' id='line_1_10' title="bbox 125 1392 1178 1484; baseline 0.004 -24"><span class='ocrx_word' id='word_1_67' title='bbox 125 1396 255 1482; x_wconf 81' lang='lat' dir='ltr'>scripte</span> <span class='ocrx_word' id='word_1_68' title='bbox 280 1392 519 1462; x_wconf 89' lang='lat' dir='ltr'><strong>adhibendum</strong></span> <span class='ocrx_word' id='word_1_69' title='bbox 538 1413 629 1461; x_wconf 88' lang='lat' dir='ltr'><strong>esse.</strong></span> <span class='ocrx_word' id='word_1_70' title='bbox 653 1392 774 1462; x_wconf 87' lang='lat' dir='ltr'><strong>Potest</strong></span> <span class='ocrx_word' id='word_1_71' title='bbox 792 1394 886 1482; x_wconf 84' lang='lat' dir='ltr'><strong>apud</strong></span> <span class='ocrx_word' id='word_1_72' title='bbox 909 1415 975 1462; x_wconf 92' lang='lat' dir='ltr'><strong>nos</strong></span> <span class='ocrx_word' id='word_1_73' title='bbox 997 1398 1178 1484; x_wconf 89' lang='lat' dir='ltr'><strong>operarius</strong></span> 
     </span>
     <span class='ocr_line' id='line_1_11' title="bbox 131 1507 1179 1599; baseline 0.002 -21"><span class='ocrx_word' id='word_1_74' title='bbox 131 1510 283 1599; x_wconf 83' lang='lat' dir='ltr'><strong>agricola</strong></span> <span class='ocrx_word' id='word_1_75' title='bbox 310 1509 412 1578; x_wconf 89' lang='lat' dir='ltr'><strong>miles</strong></span> <span class='ocrx_word' id='word_1_76' title='bbox 440 1507 544 1576; x_wconf 87' lang='lat' dir='ltr'><strong>simul</strong></span> <span class='ocrx_word' id='word_1_77' title='bbox 569 1509 718 1577; x_wconf 88' lang='lat' dir='ltr'><strong>evadere</strong></span> <span class='ocrx_word' id='word_1_78' title='bbox 742 1507 825 1576; x_wconf 90' lang='lat' dir='ltr'><strong>dum</strong></span> <span class='ocrx_word' id='word_1_79' title='bbox 851 1508 1035 1597; x_wconf 89' lang='lat' dir='ltr'><strong>juventute</strong></span> <span class='ocrx_word' id='word_1_80' title='bbox 1060 1509 1179 1589; x_wconf 76' lang='lat' dir='ltr'><strong>lloret3</strong></span> 
     </span>
     <span class='ocr_line' id='line_1_12' title="bbox 126 1623 1181 1714; baseline 0.002 -21"><span class='ocrx_word' id='word_1_81' title='bbox 126 1631 241 1713; x_wconf 90' lang='lat' dir='ltr'><strong>potest</strong></span> <span class='ocrx_word' id='word_1_82' title='bbox 256 1625 350 1694; x_wconf 93' lang='lat' dir='ltr'><strong>idem</strong></span> <span class='ocrx_word' id='word_1_83' title='bbox 366 1625 469 1693; x_wconf 90' lang='lat' dir='ltr'><strong>annis</strong></span> <span class='ocrx_word' id='word_1_84' title='bbox 490 1631 648 1693; x_wconf 88' lang='lat' dir='ltr'><strong>maturus</strong></span> <span class='ocrx_word' id='word_1_85' title='bbox 669 1624 791 1693; x_wconf 89' lang='lat' dir='ltr'><strong>adres</strong></span> <span class='ocrx_word' id='word_1_86' title='bbox 813 1623 985 1713; x_wconf 90' lang='lat' dir='ltr'><strong>publicas,</strong></span> <span class='ocrx_word' id='word_1_87' title='bbox 1007 1633 1181 1714; x_wconf 87' lang='lat' dir='ltr'><strong>quatenus</strong></span> 
     </span>
     <span class='ocr_line' id='line_1_13' title="bbox 125 1740 1181 1829; baseline 0.003 -22"><span class='ocrx_word' id='word_1_88' title='bbox 125 1762 189 1828; x_wconf 86' lang='lat' dir='ltr'><strong>par</strong></span> <span class='ocrx_word' id='word_1_89' title='bbox 206 1741 290 1810; x_wconf 88' lang='lat' dir='ltr'><strong>huic</strong></span> <span class='ocrx_word' id='word_1_90' title='bbox 308 1741 448 1810; x_wconf 90' lang='lat' dir='ltr'><strong>muneri</strong></span> <span class='ocrx_word' id='word_1_91' title='bbox 469 1760 489 1808; x_wconf 88' lang='lat' dir='ltr'><strong>a</strong></span> <span class='ocrx_word' id='word_1_92' title='bbox 508 1741 641 1809; x_wconf 82' lang='lat' dir='ltr'><strong>civibus</strong></span> <span class='ocrx_word' id='word_1_93' title='bbox 664 1741 856 1809; x_wconf 85' lang='lat' dir='ltr'><strong>aestimatur</strong></span> <span class='ocrx_word' id='word_1_94' title='bbox 878 1740 1065 1829; x_wconf 81' lang='lat' dir='ltr'><strong>accedere3</strong></span> <span class='ocrx_word' id='word_1_95' title='bbox 1086 1742 1181 1810; x_wconf 87' lang='lat' dir='ltr'><strong>idern</strong></span> 
     </span>
     <span class='ocr_line' id='line_1_14' title="bbox 126 1857 1182 1948; baseline 0.001 -22"><span class='ocrx_word' id='word_1_96' title='bbox 126 1858 321 1929; x_wconf 92' lang='lat' dir='ltr'><strong>secundum</strong></span> <span class='ocrx_word' id='word_1_97' title='bbox 356 1857 435 1926; x_wconf 78' lang='lat' dir='ltr'><strong>vitae</strong></span> <span class='ocrx_word' id='word_1_98' title='bbox 469 1862 629 1945; x_wconf 87' lang='lat' dir='ltr'><strong>tempora</strong></span> <span class='ocrx_word' id='word_1_99' title='bbox 660 1862 765 1946; x_wconf 86' lang='lat' dir='ltr'><strong>atque</strong></span> <span class='ocrx_word' id='word_1_100' title='bbox 792 1857 898 1925; x_wconf 88' lang='lat' dir='ltr'><strong>etiam</strong></span> <span class='ocrx_word' id='word_1_101' title='bbox 923 1878 993 1925; x_wconf 89' lang='lat' dir='ltr'><strong>uno</strong></span> <span class='ocrx_word' id='word_1_102' title='bbox 1020 1864 1182 1948; x_wconf 89' lang='lat' dir='ltr'><strong>tempore</strong></span> 
     </span>
     <span class='ocr_line' id='line_1_15' title="bbox 125 1972 1182 2064; baseline 0.003 -24"><span class='ocrx_word' id='word_1_103' title='bbox 125 1972 337 2063; x_wconf 82' lang='lat' dir='ltr'><strong>multiplices</strong></span> <span class='ocrx_word' id='word_1_104' title='bbox 356 1973 537 2042; x_wconf 81' lang='lat' dir='ltr'><strong>facultates</strong></span> <span class='ocrx_word' id='word_1_105' title='bbox 551 1978 704 2059; x_wconf 82' lang='lat' dir='ltr'><strong>exercet,</strong></span> <span class='ocrx_word' id='word_1_106' title='bbox 720 1992 793 2040; x_wconf 91' lang='lat' dir='ltr'><strong>non</strong></span> <span class='ocrx_word' id='word_1_107' title='bbox 806 1973 911 2041; x_wconf 91' lang='lat' dir='ltr'><strong>modo</strong></span> <span class='ocrx_word' id='word_1_108' title='bbox 923 1973 1076 2062; x_wconf 90' lang='lat' dir='ltr'><strong>privatas</strong></span> <span class='ocrx_word' id='word_1_109' title='bbox 1088 1975 1182 2064; x_wconf 83' lang='lat' dir='ltr'><strong>(quae</strong></span> 
     </span>
     <span class='ocr_line' id='line_1_16' title="bbox 125 2087 1238 2182; baseline 0.003 -26"><span class='ocrx_word' id='word_1_110' title='bbox 125 2095 208 2157; x_wconf 91' lang='lat' dir='ltr'><strong>sunt</strong></span> <span class='ocrx_word' id='word_1_111' title='bbox 237 2109 340 2178; x_wconf 85' lang='lat' dir='ltr'><strong>paene</strong></span> <span class='ocrx_word' id='word_1_112' title='bbox 364 2088 574 2177; x_wconf 76' lang='lat' dir='ltr'><strong>innumera)</strong></span> <span class='ocrx_word' id='word_1_113' title='bbox 598 2087 787 2173; x_wconf 89' lang='lat' dir='ltr'><strong>sedetiam</strong></span> <span class='ocrx_word' id='word_1_114' title='bbox 810 2089 980 2178; x_wconf 80' lang='lat' dir='ltr'><strong>publicae.</strong></span> <span class='ocrx_word' id='word_1_115' title='bbox 1008 2089 1089 2158; x_wconf 93' lang='lat' dir='ltr'><strong>Non</strong></span> <span class='ocrx_word' id='word_1_116' title='bbox 1116 2111 1182 2159; x_wconf 89' lang='lat' dir='ltr'><strong>nos</strong></span> <span class='ocrx_word' id='word_1_117' title='bbox 1230 2177 1238 2182; x_wconf 19' lang='grc' dir='ltr'>ι</span> 
     </span>
     <span class='ocr_line' id='line_1_17' title="bbox 124 2196 1181 2295; baseline 0.003 -24"><span class='ocrx_word' id='word_1_118' title='bbox 124 2203 211 2295; x_wconf 81' lang='lat' dir='ltr'><strong>sugit</strong></span> <span class='ocrx_word' id='word_1_119' title='bbox 229 2204 413 2274; x_wconf 91' lang='lat' dir='ltr'><strong>Platonem</strong></span> <span class='ocrx_word' id='word_1_120' title='bbox 432 2204 528 2272; x_wconf 92' lang='lat' dir='ltr'><strong>hunc</strong></span> <span class='ocrx_word' id='word_1_121' title='bbox 549 2204 586 2272; x_wconf 90' lang='lat' dir='ltr'><strong>in</strong></span> <span class='ocrx_word' id='word_1_122' title='bbox 599 2203 744 2272; x_wconf 89' lang='lat' dir='ltr'><strong>modum</strong></span> <span class='ocrx_word' id='word_1_123' title='bbox 765 2204 974 2273; x_wconf 87' lang='lat' dir='ltr'><strong>disseruisse</strong></span> <span class='ocrx_word' id='word_1_124' title='bbox 990 2205 1033 2274; x_wconf 92' lang='lat' dir='ltr'><strong>de</strong></span> <span class='ocrx_word' id='word_1_125' title='bbox 1050 2196 1181 2274; x_wconf 76' lang='lat' dir='ltr'><strong>militine</strong></span> 
     </span>
     <span class='ocr_line' id='line_1_18' title="bbox 125 2319 1181 2409; baseline 0.001 -21"><span class='ocrx_word' id='word_1_126' title='bbox 125 2327 231 2408; x_wconf 89' lang='lat' dir='ltr'><strong>atque</strong></span> <span class='ocrx_word' id='word_1_127' title='bbox 243 2319 385 2409; x_wconf 88' lang='lat' dir='ltr'><strong>imperii</strong></span> <span class='ocrx_word' id='word_1_128' title='bbox 400 2340 547 2389; x_wconf 91' lang='lat' dir='ltr'><strong>numere</strong></span> <span class='ocrx_word' id='word_1_129' title='bbox 564 2319 658 2408; x_wconf 88' lang='lat' dir='ltr'><strong>quod</strong></span> <span class='ocrx_word' id='word_1_130' title='bbox 679 2319 724 2388; x_wconf 91' lang='lat' dir='ltr'><strong>ab</strong></span> <span class='ocrx_word' id='word_1_131' title='bbox 744 2320 870 2388; x_wconf 89' lang='lat' dir='ltr'><strong>eodem</strong></span> <span class='ocrx_word' id='word_1_132' title='bbox 888 2321 962 2388; x_wconf 86' lang='lat' dir='ltr'><strong>viro</strong></span> <span class='ocrx_word' id='word_1_133' title='bbox 977 2320 1127 2389; x_wconf 87' lang='lat' dir='ltr'><strong>alterum</strong></span> <span class='ocrx_word' id='word_1_134' title='bbox 1143 2323 1181 2390; x_wconf 92' lang='lat' dir='ltr'><strong>in</strong></span> 
     </span>
     <span class='ocr_line' id='line_1_19' title="bbox 124 2435 1181 2524; baseline 0.001 -21"><span class='ocrx_word' id='word_1_135' title='bbox 124 2435 375 2524; x_wconf 90' lang='lat' dir='ltr'><strong>adolescentia,</strong></span> <span class='ocrx_word' id='word_1_136' title='bbox 394 2436 544 2510; x_wconf 87' lang='lat' dir='ltr'><strong>alterum</strong></span> <span class='ocrx_word' id='word_1_137' title='bbox 561 2436 599 2502; x_wconf 92' lang='lat' dir='ltr'><strong>in</strong></span> <span class='ocrx_word' id='word_1_138' title='bbox 614 2440 796 2504; x_wconf 82' lang='lat' dir='ltr'><strong>senectute</strong></span> <span class='ocrx_word' id='word_1_139' title='bbox 812 2435 901 2505; x_wconf 89' lang='lat' dir='ltr'><strong>velle</strong></span> <span class='ocrx_word' id='word_1_140' title='bbox 917 2436 1055 2505; x_wconf 85' lang='lat' dir='ltr'><strong>videtur</strong></span> <span class='ocrx_word' id='word_1_141' title='bbox 1068 2437 1181 2505; x_wconf 87' lang='lat' dir='ltr'><strong>adim-</strong></span> 
     </span>
     <span class='ocr_line' id='line_1_20' title="bbox 123 2549 1179 2640; baseline 0.004 -22"><span class='ocrx_word' id='word_1_142' title='bbox 123 2551 213 2639; x_wconf 90' lang='lat' dir='ltr'><strong>pleri</strong></span> <span class='ocrx_word' id='word_1_143' title='bbox 236 2549 302 2639; x_wconf 77' lang='lat'>(2);</span> <span class='ocrx_word' id='word_1_144' title='bbox 325 2571 397 2621; x_wconf 91' lang='lat' dir='ltr'><strong>non</strong></span> <span class='ocrx_word' id='word_1_145' title='bbox 424 2571 490 2619; x_wconf 90' lang='lat' dir='ltr'><strong>nos</strong></span> <span class='ocrx_word' id='word_1_146' title='bbox 518 2550 606 2640; x_wconf 83' lang='lat' dir='ltr'><strong>sugit</strong></span> <span class='ocrx_word' id='word_1_147' title='bbox 634 2551 800 2620; x_wconf 90' lang='lat' dir='ltr'><strong>eumdem</strong></span> <span class='ocrx_word' id='word_1_148' title='bbox 821 2551 912 2620; x_wconf 87' lang='lat' dir='ltr'><strong>velle</strong></span> <span class='ocrx_word' id='word_1_149' title='bbox 941 2551 1120 2621; x_wconf 87' lang='lat' dir='ltr'><strong>femimam</strong></span> <span class='ocrx_word' id='word_1_150' title='bbox 1145 2559 1179 2622; x_wconf 87' lang='lat' dir='ltr'><strong>et</strong></span> 
     </span>
     <span class='ocr_line' id='line_1_21' title="bbox 123 2665 1180 2737; baseline 0.001 -3"><span class='ocrx_word' id='word_1_151' title='bbox 123 2672 272 2735; x_wconf 85' lang='lat' dir='ltr'><strong>matrem</strong></span> <span class='ocrx_word' id='word_1_152' title='bbox 287 2665 390 2737; x_wconf 89' lang='lat' dir='ltr'><strong>simul</strong></span> <span class='ocrx_word' id='word_1_153' title='bbox 407 2672 440 2735; x_wconf 91' lang='lat' dir='ltr'><strong>et</strong></span> <span class='ocrx_word' id='word_1_154' title='bbox 454 2666 671 2736; x_wconf 81' lang='lat' dir='ltr'><strong>bellatricem</strong></span> <span class='ocrx_word' id='word_1_155' title='bbox 686 2687 776 2735; x_wconf 92' lang='lat' dir='ltr'><strong>esse.</strong></span> <span class='ocrx_word' id='word_1_156' title='bbox 794 2666 865 2735; x_wconf 88' lang='lat' dir='ltr'><strong>Sed</strong></span> <span class='ocrx_word' id='word_1_157' title='bbox 885 2667 915 2734; x_wconf 92' lang='lat' dir='ltr'><strong>si</strong></span> <span class='ocrx_word' id='word_1_158' title='bbox 935 2665 1128 2735; x_wconf 88' lang='lat' dir='ltr'><strong>doctrinam</strong></span> <span class='ocrx_word' id='word_1_159' title='bbox 1143 2668 1180 2735; x_wconf 92' lang='lat' dir='ltr'><strong>in</strong></span> 
     </span>
     <span class='ocr_line' id='line_1_22' title="bbox 125 2781 1180 2871; baseline 0.003 -22"><span class='ocrx_word' id='word_1_160' title='bbox 125 2802 299 2851; x_wconf 89' lang='lat' dir='ltr'><strong>summam</strong></span> <span class='ocrx_word' id='word_1_161' title='bbox 328 2781 552 2865; x_wconf 86' lang='lat' dir='ltr'><strong>consideres,</strong></span> <span class='ocrx_word' id='word_1_162' title='bbox 586 2781 760 2871; x_wconf 84' lang='lat' dir='ltr'><strong>intelliges</strong></span> <span class='ocrx_word' id='word_1_163' title='bbox 789 2802 965 2871; x_wconf 86' lang='lat' dir='ltr'><strong>quemque</strong></span> <span class='ocrx_word' id='word_1_164' title='bbox 999 2782 1180 2852; x_wconf 90' lang='lat' dir='ltr'><strong>hominem</strong></span> 
     </span>
     <span class='ocr_line' id='line_1_23' title="bbox 123 2897 1182 2988; baseline 0.001 -22"><span class='ocrx_word' id='word_1_165' title='bbox 123 2898 287 2967; x_wconf 83' lang='lat' dir='ltr'><strong>virtutem</strong></span> <span class='ocrx_word' id='word_1_166' title='bbox 303 2918 423 2982; x_wconf 89' lang='lat' dir='ltr'><strong>unam,</strong></span> <span class='ocrx_word' id='word_1_167' title='bbox 441 2918 571 2966; x_wconf 90' lang='lat' dir='ltr'><strong>munus</strong></span> <span class='ocrx_word' id='word_1_168' title='bbox 588 2904 692 2988; x_wconf 87' lang='lat' dir='ltr'><strong>atque</strong></span> <span class='ocrx_word' id='word_1_169' title='bbox 708 2897 859 2967; x_wconf 82' lang='lat' dir='ltr'><strong>officium</strong></span> <span class='ocrx_word' id='word_1_170' title='bbox 880 2918 992 2967; x_wconf 92' lang='lat' dir='ltr'><strong>unum</strong></span> <span class='ocrx_word' id='word_1_171' title='bbox 1010 2899 1048 2966; x_wconf 94' lang='lat' dir='ltr'><strong>in</strong></span> <span class='ocrx_word' id='word_1_172' title='bbox 1062 2898 1182 2967; x_wconf 88' lang='lat' dir='ltr'><strong>Plato·</strong></span> 
     </span>
     <span class='ocr_line' id='line_1_24' title="bbox 123 3014 1182 3103; baseline 0.004 -22"><span class='ocrx_word' id='word_1_173' title='bbox 123 3014 203 3084; x_wconf 84' lang='lat' dir='ltr'><strong>nica</strong></span> <span class='ocrx_word' id='word_1_174' title='bbox 232 3014 369 3083; x_wconf 86' lang='lat' dir='ltr'><strong>civitate</strong></span> <span class='ocrx_word' id='word_1_175' title='bbox 404 3033 507 3103; x_wconf 83' lang='lat' dir='ltr'><strong>agere</strong></span> <span class='ocrx_word' id='word_1_176' title='bbox 539 3019 644 3103; x_wconf 87' lang='lat' dir='ltr'><strong>atque</strong></span> <span class='ocrx_word' id='word_1_177' title='bbox 674 3014 894 3103; x_wconf 84' lang='lat' dir='ltr'><strong>exprimere3</strong></span> <span class='ocrx_word' id='word_1_178' title='bbox 915 3015 964 3083; x_wconf 91' lang='lat' dir='ltr'><strong>ita</strong></span> <span class='ocrx_word' id='word_1_179' title='bbox 991 3019 1030 3083; x_wconf 91' lang='lat' dir='ltr'><strong>ut</strong></span> <span class='ocrx_word' id='word_1_180' title='bbox 1060 3014 1182 3085; x_wconf 90' lang='lat' dir='ltr'><strong>classis</strong></span> 
     </span>
     <span class='ocr_line' id='line_1_25' title="bbox 124 3128 1181 3219; baseline 0.003 -23"><span class='ocrx_word' id='word_1_181' title='bbox 124 3149 272 3219; x_wconf 86' lang='lat' dir='ltr'><strong>quaeque</strong></span> <span class='ocrx_word' id='word_1_182' title='bbox 291 3128 420 3197; x_wconf 89' lang='lat' dir='ltr'><strong>talibus</strong></span> <span class='ocrx_word' id='word_1_183' title='bbox 444 3128 627 3198; x_wconf 91' lang='lat' dir='ltr'><strong>elementis</strong></span> <span class='ocrx_word' id='word_1_184' title='bbox 658 3129 825 3197; x_wconf 87' lang='lat' dir='ltr'><strong>nimimm</strong></span> <span class='ocrx_word' id='word_1_185' title='bbox 849 3128 1068 3217; x_wconf 87' lang='lat' dir='ltr'><strong>simplicibus</strong></span> <span class='ocrx_word' id='word_1_186' title='bbox 1095 3151 1181 3199; x_wconf 88' lang='lat' dir='ltr'><strong>oon·</strong></span> 
     </span>
     <span class='ocr_line' id='line_1_26' title="bbox 124 3243 1180 3334; baseline 0.003 -23"><span class='ocrx_word' id='word_1_187' title='bbox 124 3243 217 3331; x_wconf 90' lang='lat' dir='ltr'><strong>llata,</strong></span> <span class='ocrx_word' id='word_1_188' title='bbox 241 3245 320 3334; x_wconf 91' lang='lat' dir='ltr'><strong>ipsa</strong></span> <span class='ocrx_word' id='word_1_189' title='bbox 338 3264 445 3312; x_wconf 91' lang='lat' dir='ltr'><strong>unam</strong></span> <span class='ocrx_word' id='word_1_190' title='bbox 463 3244 677 3332; x_wconf 82' lang='lat' dir='ltr'><strong>qualitatem,</strong></span> <span class='ocrx_word' id='word_1_191' title='bbox 703 3265 816 3314; x_wconf 90' lang='lat' dir='ltr'><strong>unum</strong></span> <span class='ocrx_word' id='word_1_192' title='bbox 839 3245 1041 3334; x_wconf 78' lang='lat' dir='ltr'><strong>cogitatum,</strong></span> <span class='ocrx_word' id='word_1_193' title='bbox 1060 3266 1180 3314; x_wconf 90' lang='lat' dir='ltr'><strong>essen·</strong></span> 
     </span>
     <span class='ocr_line' id='line_1_27' title="bbox 123 3359 1181 3450; baseline 0.002 -24"><span class='ocrx_word' id='word_1_194' title='bbox 123 3360 171 3429; x_wconf 89' lang='lat' dir='ltr'><strong>tia</strong></span> <span class='ocrx_word' id='word_1_195' title='bbox 186 3365 289 3450; x_wconf 87' lang='lat' dir='ltr'><strong>atque</strong></span> <span class='ocrx_word' id='word_1_196' title='bbox 305 3365 384 3428; x_wconf 88' lang='lat' dir='ltr'><strong>actu</strong></span> <span class='ocrx_word' id='word_1_197' title='bbox 398 3360 539 3429; x_wconf 88' lang='lat' dir='ltr'><strong>viduam</strong></span> <span class='ocrx_word' id='word_1_198' title='bbox 555 3359 740 3449; x_wconf 85' lang='lat' dir='ltr'><strong>significet.</strong></span> <span class='ocrx_word' id='word_1_199' title='bbox 758 3360 971 3450; x_wconf 87' lang='lat' dir='ltr'><strong>Respublica</strong></span> <span class='ocrx_word' id='word_1_200' title='bbox 981 3360 1046 3429; x_wconf 87' lang='lat' dir='ltr'><strong>has</strong></span> <span class='ocrx_word' id='word_1_201' title='bbox 1056 3381 1181 3429; x_wconf 90' lang='lat' dir='ltr'><strong>omnes</strong></span> 
     </span>
     <span class='ocr_line' id='line_1_28' title="bbox 126 3474 1181 3565; baseline 0.001 -21"><span class='ocrx_word' id='word_1_202' title='bbox 126 3474 310 3563; x_wconf 85' lang='lat' dir='ltr'><strong>qualitates</strong></span> <span class='ocrx_word' id='word_1_203' title='bbox 324 3476 362 3544; x_wconf 93' lang='lat' dir='ltr'><strong>in</strong></span> <span class='ocrx_word' id='word_1_204' title='bbox 382 3497 421 3544; x_wconf 90' lang='lat' dir='ltr'><strong>se</strong></span> <span class='ocrx_word' id='word_1_205' title='bbox 437 3475 631 3559; x_wconf 80' lang='lat' dir='ltr'><strong>contrabit3</strong></span> <span class='ocrx_word' id='word_1_206' title='bbox 653 3482 707 3544; x_wconf 89' lang='lat' dir='ltr'><strong>est</strong></span> <span class='ocrx_word' id='word_1_207' title='bbox 728 3497 811 3544; x_wconf 86' lang='lat' dir='ltr'><strong>vero</strong></span> <span class='ocrx_word' id='word_1_208' title='bbox 829 3475 922 3544; x_wconf 92' lang='lat' dir='ltr'><strong>solos</strong></span> <span class='ocrx_word' id='word_1_209' title='bbox 943 3496 1008 3565; x_wconf 90' lang='lat' dir='ltr'><strong>per</strong></span> <span class='ocrx_word' id='word_1_210' title='bbox 1028 3476 1181 3564; x_wconf 90' lang='lat' dir='ltr'><strong>pbiloso-</strong></span> 
     </span>
     <span class='ocr_line' id='line_1_29' title="bbox 122 3590 1179 3682; baseline 0.002 -24"><span class='ocrx_word' id='word_1_211' title='bbox 122 3591 212 3680; x_wconf 90' lang='lat' dir='ltr'><strong>phos</strong></span> <span class='ocrx_word' id='word_1_212' title='bbox 237 3593 391 3681; x_wconf 88' lang='lat' dir='ltr'><strong>sapiens,</strong></span> <span class='ocrx_word' id='word_1_213' title='bbox 413 3591 506 3660; x_wconf 85' lang='lat' dir='ltr'><strong>solos</strong></span> <span class='ocrx_word' id='word_1_214' title='bbox 525 3612 589 3680; x_wconf 89' lang='lat' dir='ltr'><strong>per</strong></span> <span class='ocrx_word' id='word_1_215' title='bbox 607 3592 736 3659; x_wconf 90' lang='lat' dir='ltr'><strong>milites</strong></span> <span class='ocrx_word' id='word_1_216' title='bbox 755 3591 865 3677; x_wconf 87' lang='lat' dir='ltr'><strong>fortis,</strong></span> <span class='ocrx_word' id='word_1_217' title='bbox 885 3590 978 3659; x_wconf 91' lang='grc'><strong>50105</strong></span> <span class='ocrx_word' id='word_1_218' title='bbox 999 3612 1064 3681; x_wconf 90' lang='lat' dir='ltr'><strong>per</strong></span> <span class='ocrx_word' id='word_1_219' title='bbox 1086 3593 1179 3682; x_wconf 85' lang='lat' dir='ltr'><strong>agri-</strong></span> 
     </span>
     <span class='ocr_line' id='line_1_30' title="bbox 124 3706 1180 3800; baseline 0.001 -25"><span class='ocrx_word' id='word_1_220' title='bbox 124 3706 218 3776; x_wconf 90' lang='lat' dir='ltr'><strong>colas</strong></span> <span class='ocrx_word' id='word_1_221' title='bbox 229 3712 333 3796; x_wconf 84' lang='lat' dir='ltr'><strong>atque</strong></span> <span class='ocrx_word' id='word_1_222' title='bbox 344 3707 495 3776; x_wconf 84' lang='lat' dir='ltr'><strong>artifices</strong></span> <span class='ocrx_word' id='word_1_223' title='bbox 505 3706 593 3775; x_wconf 85' lang='lat' dir='ltr'><strong>laeta.</strong></span> <span class='ocrx_word' id='word_1_224' title='bbox 606 3708 671 3797; x_wconf 89' lang='lat' dir='ltr'><strong>(o).</strong></span> <span class='ocrx_word' id='word_1_225' title='bbox 688 3707 808 3797; x_wconf 80' lang='lat' dir='ltr'><strong>«Ergo</strong></span> <span class='ocrx_word' id='word_1_226' title='bbox 820 3728 863 3775; x_wconf 86' lang='lat' dir='ltr'><strong>ex</strong></span> <span class='ocrx_word' id='word_1_227' title='bbox 872 3707 1019 3776; x_wconf 90' lang='lat' dir='ltr'><strong>minima</strong></span> <span class='ocrx_word' id='word_1_228' title='bbox 1031 3708 1180 3800; x_wconf 87' lang='lat' dir='ltr'><strong>quadam</strong></span> 
     </span>
    </p>
   </div>
   <div class='ocr_carea' id='block_1_3' title="bbox 155 3985 697 4050">
    <p class='ocr_par' dir='ltr' id='par_1_3' title="bbox 155 3985 697 4050">
     <span class='ocr_line' id='line_1_31' title="bbox 155 3985 697 4050; baseline -0.006 -15"><span class='ocrx_word' id='word_1_229' title='bbox 155 3989 190 4049; x_wconf 69' lang='lat' dir='ltr'><strong>(l)</strong></span> <span class='ocrx_word' id='word_1_230' title='bbox 208 3987 244 4036; x_wconf 84' lang='lat' dir='ltr'><strong>De</strong></span> <span class='ocrx_word' id='word_1_231' title='bbox 258 3987 328 4050; x_wconf 67' lang='lat' dir='ltr'><strong>nep,</strong></span> <span class='ocrx_word' id='word_1_232' title='bbox 340 3991 393 4049; x_wconf 69' lang='lat' dir='ltr'><strong>tae,</strong></span> <span class='ocrx_word' id='word_1_233' title='bbox 406 3986 433 4035; x_wconf 81' lang='lat' dir='ltr'><strong>d.</strong></span> <span class='ocrx_word' id='word_1_234' title='bbox 447 4012 474 4024; x_wconf 92' lang='lat'><strong>-·</strong></span> <span class='ocrx_word' id='word_1_235' title='bbox 490 3987 525 4049; x_wconf 57' lang='grc'><strong>,11</strong></span> <span class='ocrx_word' id='word_1_236' title='bbox 538 3985 591 4048; x_wconf 70' lang='lat' dir='ltr'><strong>lu,</strong></span> <span class='ocrx_word' id='word_1_237' title='bbox 605 3989 658 4046; x_wconf 62' lang='lat'><strong>498,</strong></span> <span class='ocrx_word' id='word_1_238' title='bbox 673 4001 697 4032; x_wconf 90' lang='lat' dir='ltr'><strong>u.</strong></span> 
     </span>
    </p>
   </div>
   <div class='ocr_carea' id='block_1_4' title="bbox 0 0 1398 4576">
    <p class='ocr_par' dir='ltr' id='par_1_4' title="bbox 0 0 1398 4576">
     <span class='ocr_line' id='line_1_32' title="bbox 0 0 1398 4576; baseline 0 0"><span class='ocrx_word' id='word_1_239' title='bbox 0 0 1398 4576; x_wconf 95' lang='lat' dir='ltr'><strong> </strong></span> 
     </span>
    </p>
   </div>
  </div>
 </body>
</html>
