2782 4576
693 332 853 396 ..16-

243 469 428 540 accederet
441 465 506 558 (1).
530 467 718 538 »Putasne
745 489 848 559 posse
867 469 958 540 inter
996 471 1115 542 divina
1133 475 1300 548 animalia

245 586 436 656 discordias
448 586 571 655 nascit
589 586 665 655 Imo
680 587 774 656 inter
798 607 837 656 se
854 587 1070 658 amicissime
1092 592 1299 663 societatem

247 703 557 772 concordissimam
570 703 716 772 habent.
738 725 755 771 o
780 704 917 773 Horum
937 725 1019 774 vero
1042 706 1199 777 Deorum
1215 709 1301 779 cho-

245 840 347 908 reas,
385 827 420 889 et
446 821 540 889 inter
568 820 665 909 ipsos
701 821 972 909 concursioncS,
1019 823 1301 916 circulorumque

245 938 404 1026 ipsorum
424 935 661 1006 revolutiones
679 937 793 1005 varias
811 941 847 1006 et
867 956 1043 1026 accessus,
1061 941 1183 1029 quales
1207 963 1302 1032 prae-

246 1056 344 1119 terea
354 1050 440 1119 liant
452 1049 629 1139 conjuncti
643 1049 710 1119 sibi
724 1049 876 1118 invicem
888 1049 943 1119 vel
953 1052 1116 1140 oppositi,
1134 1055 1208 1123 sive
1220 1062 1300 1125 ante

245 1167 339 1235 inter
367 1187 419 1255 se,
437 1167 510 1235 sive
535 1171 641 1253 retro,
661 1166 789 1256 quibus
815 1167 1033 1256 temporibus
1062 1174 1097 1237 et
1113 1189 1183 1259 quo
1200 1179 1302 1260 pacto

249 1280 457 1349 delitescant
471 1278 613 1371 singuli,
630 1279 685 1349 vel
700 1285 923 1371 emergant...
940 1279 1173 1372 haecinquam
1184 1285 1304 1354 omnia
1351 1370 1360 1379 ‚

246 1398 379 1487 absque
413 1396 571 1488 diligenti
600 1396 868 1467 simulacrorum
895 1398 1054 1487 ipsorum
1082 1400 1301 1490 inspectione

246 1513 420 1604 explicare
450 1512 553 1602 velle,
569 1513 685 1582 inanis
706 1519 761 1582 est
779 1513 878 1583 labor
892 1514 956 1603 (2).
978 1516 1055 1584 »nt
1067 1515 1136 1605 ipsi
1156 1517 1200 1586 ad
1216 1517 1294 1586 eiii·
1355 1605 1365 1613 ἡ

247 1631 340 1721 giem
368 1629 528 1699 animalis
554 1629 746 1717 divinioriS,
766 1630 922 1700 universi
950 1630 1095 1719 scilicet,
1118 1632 1301 1725 ipsiusque

245 1746 389 1815 artificio
419 1747 611 1836 procreati3
630 1745 728 1835 quod
754 1747 911 1837 quidem,
941 1767 1145 1836 quanquam
1170 1770 1298 1837 unum,

246 1863 507 1933 multitudinem
522 1863 674 1953 partium
700 1863 793 1932 inter
808 1884 846 1932 se
867 1864 1128 1933 concinentium
1143 1868 1302 1937 continet

246 1987 349 2071 atque
376 2000 496 2049 secum
524 1980 714 2068 perfectam
747 1980 950 2048 societatem
980 1981 1060 2070 agit.
1101 2003 1118 2048 r
1150 1981 1227 2063 Qua
1256 2004 1300 2052 ex

246 2080 492 2185 conjunctione
518 2095 806 2185 (elementorum)
830 2095 879 2164 ita
894 2097 1103 2164 constitutus
1124 2104 1178 2166 est
1194 2119 1299 2167 mun-

245 2216 322 2300 duS,
339 2217 378 2281 ut
390 2212 499 2302 aspici
515 2213 680 2302 tangique
695 2212 815 2301 possit.
829 2212 1019 2302 Propterea
1036 2234 1079 2281 ex
1093 2213 1300 2302 hujusmodi

244 2327 352 2396 rebus
368 2344 517 2394 numero
530 2330 678 2413 quatuor
689 2323 810 2392 mundi
825 2343 953 2411 corpus
967 2322 1157 2393 conflatum
1169 2330 1234 2412 est,
1258 2344 1301 2394 ea

244 2460 444 2511 connexum
468 2440 727 2528 comparatione
751 2459 820 2529 qua
849 2439 932 2507 dixi.
960 2439 1011 2507 Ex
1029 2460 1098 2529 quo
1115 2461 1153 2509 se
1180 2441 1299 2530 ipsum

246 2557 399 2627 amicitia
408 2555 574 2625 concordi
587 2554 843 2645 complectitur,
861 2563 965 2645 atque
975 2556 1023 2624 ita
1038 2561 1117 2645 apte
1132 2556 1297 2644 cohaeret,

244 2677 284 2742 ut
297 2678 450 2763 nequeat
462 2671 683 2742 dissolviullo
703 2674 821 2760 modo,
839 2672 908 2740 nisi
924 2672 968 2740 ab
986 2671 1110 2742 eodem
1126 2692 1147 2742 a
1162 2694 1230 2763 quo
1247 2679 1301 2743 est

246 2791 445 2879 colligatum
461 2789 525 2878 (3).
545 2811 562 2858 ))

288 2906 425 2976 Rursus
434 2925 518 2975 vero
533 2905 688 2975 mundus
703 2904 850 2974 visibilis
860 2893 974 2996 imago
991 2911 1058 2974 stat
1071 2905 1194 2975 mundi
1212 2905 1300 2976 alte·

243 3023 318 3094 rius
332 3023 428 3114 quod
446 3043 520 3091 non
534 3022 646 3093 oeulis
672 3021 807 3113 percipi
821 3028 956 3112 potest3
982 3023 1145 3092 ultimum
1159 3024 1227 3092 hoe
1247 3030 1301 3092 est

242 3160 362 3211 rerum
392 3138 573 3229 exemplar
609 3138 684 3228 jam
710 3139 748 3206 in
785 3137 936 3227 septimo
964 3137 1187 3226 Reipublicae
1211 3139 1300 3209 libro

244 3256 504 3343 adumbratum,
538 3255 673 3344 solique
698 3252 863 3324 collatum
883 3254 943 3343 qui
966 3261 1092 3325 cuneta
1114 3255 1151 3324 in
1167 3256 1300 3326 mundo

242 3371 371 3442 visibili
391 3371 498 3440 radiis
519 3370 709 3440 collustrat.
731 3371 846 3440 «Hoc
868 3372 994 3460 posito,
1021 3371 1115 3463 quod
1138 3374 1299 3463 sequitur

240 3488 434 3577 videamus,
450 3488 494 3557 ad
509 3488 608 3577 eujus
627 3487 787 3557 animalis
804 3485 1070 3556 similitudinem
1082 3486 1179 3557 Deus
1197 3508 1299 3557 mun-

244 3605 327 3676 dum
353 3604 543 3675 constituit.
572 3604 640 3674 Uni
666 3604 807 3674 cuidam
842 3603 1063 3695 propriaeque
1093 3604 1298 3675 animalium

197 3755 205 3766 -
243 3721 375 3812 speciei
389 3721 540 3791 similem
553 3720 679 3792 fecisse
698 3740 745 3790 ne
767 3720 990 3792 arbitremur.
1007 3720 1099 3791 Nam
1119 3721 1150 3791 si
1160 3721 1296 3811 imper-

274 3994 810 4062 mma-mmaa-mme
