2782 4576
677 313 834 374 ...32-

232 475 454 553 nequaquam
475 476 517 524 ex
531 454 673 544 privatis
692 453 895 523 hominibus
918 455 956 523 in
972 455 1146 526 civitatem
1166 457 1284 525 invec-

230 587 300 650 tam
317 597 409 664 esse,
435 594 585 665 quorum
604 573 699 643 idern
715 579 768 643 est
787 579 922 664 captus,
949 576 1009 666 qui
1028 582 1064 645 et
1088 575 1279 666 Thracum,

230 694 449 784 Scytharum,
480 691 771 781 superiorumque
804 691 976 780 gentium:
1017 697 1076 762 aut
1095 691 1280 782 sapientiae

231 810 398 895 studium,
432 827 505 876 non
541 827 584 875 ex
622 807 683 876 tali
714 807 928 897 privatorum
970 808 1139 878 instinctu
1168 807 1283 898 qualis

231 933 356 998 natura
377 923 506 993 nostris
533 922 736 992 hominibus
760 929 812 992 est
842 923 1015 993 tributus:
1048 929 1108 992 aut
1136 930 1283 1013 questus

231 1041 442 1125 aviditatem,
460 1058 532 1106 non
542 1057 584 1106 ex
596 1058 638 1106 ea
651 1037 869 1129 singulorum
877 1038 1060 1107 hominum
1076 1039 1280 1129 cupiditate,

231 1174 299 1243 qua
332 1150 446 1220 allecti
473 1150 631 1239 apprime
669 1150 833 1220 dicuntur
859 1150 1031 1220 Phaenioii
1058 1150 1283 1241 AEgyptiique

232 1267 392 1339 nonnihil
411 1265 474 1354 (1).
492 1287 509 1333 »
526 1265 569 1334 Et
583 1266 688 1335 alias:
706 1289 723 1334 o
740 1267 900 1336 Totidem
915 1287 1054 1358 quoque
1070 1273 1153 1337 sunt
1166 1267 1281 1336 homi·

231 1406 317 1454 num
330 1382 586 1475 quodammodo
604 1383 740 1472 species
758 1389 862 1474 atque
877 1405 1006 1455 mores.
1023 1385 1135 1455 Auen
1149 1405 1285 1475 quercu

231 1505 320 1573 16116
331 1502 509 1572 existimas
519 1507 579 1570 aut
589 1500 1031 1591 silicerempublioamfieri
1046 1504 1162 1593 potius
1178 1522 1284 1592 quam

233 1623 360 1693 civium
383 1622 555 1706 moribus,
578 1641 657 1711 quae
687 1642 909 1712 quocumque
936 1623 1112 1711 fluxerint,
1140 1629 1283 1711 caetera,

233 1761 354 1810 seeum
379 1740 542 1829 rapiunt‘l
573 1740 690 1808 -Ex
718 1741 875 1810 moribus
913 1742 1034 1831 procul
1059 1741 1165 1811 dubio
1180 1741 1286 1832 (1).»

232 1857 324 1943 Ergo
338 1875 443 1946 quam
467 1855 657 1924 humanam
681 1862 842 1926 naturam
865 1858 958 1926 oives
990 1858 1118 1948 singuli
1140 1863 1280 1947 gerunt,

233 1991 380 2039 necesse
394 1974 447 2038 est
461 1970 655 2038 seeundum
675 1970 766 2039 hano
789 1972 904 2059 ipsam
925 1971 1040 2062 legem
1066 1972 1186 2040 civitas
1210 1976 1286 2040 tota

233 2110 306 2178 prae
324 2109 362 2156 se
377 2088 474 2156 ierat.
492 2087 591 2156 Illam
608 2089 725 2178 itaque
741 2089 1036 2178 comparationem
1053 2089 1146 2157 inter
1170 2088 1288 2157 homi-

234 2223 317 2271 nem
333 2222 444 2270 unum
470 2208 503 2270 et
535 2203 789 2292 rempublicam
811 2224 882 2272 non
897 2203 985 2272 sorte
1002 2204 1128 2295 aliqua,
1155 2203 1219 2273 sed
1242 2224 1287 2273 ex

235 2319 370 2388 ratione
390 2317 488 2386 Plato
504 2325 747 2407 expromptam
763 2319 936 2407 exposuit.

282 2433 595 2524 At‚dioetaliquiS,
613 2454 734 2502 nonne
749 2434 846 2502 vides
870 2433 1112 2502 necessarium
1136 2453 1215 2503 esse
1240 2434 1289 2502 al·

236 2564 431 2627 terutrum:
449 2577 507 2625 res
519 2557 597 2626 illas
612 2557 753 2625 collatas
772 2555 911 2625 Platoni
921 2556 1032 2624 uideri
1042 2563 1101 2626 aut
1113 2577 1196 2626 vere
1210 2576 1288 2625 eas·

237 2677 330 2765 dem,
350 2683 410 2746 out
437 2682 612 2747 tantume
646 2677 837 2766 longinquo
863 2675 1005 2744 similes.
1035 2676 1142 2765 Atqui
1166 2695 1288 2744 earum

236 2799 385 2887 aequatio
405 2818 549 2886 prorsus
575 2797 745 2883 absurda;
776 2797 977 2865 assimilatio
1013 2797 1161 2885 poetica.
1186 2795 1288 2866 Prior

235 2915 340 3004 plane
362 2913 569 3003 rejicienda3
600 2913 772 3003 posterior
795 2932 863 2980 neo
879 2913 1081 3001 rejicienda,
1103 2933 1170 2981 neo
1193 2913 1287 2981 acci-

236 3026 375 3118 pienda,
411 3033 532 3117 utpote
571 3047 649 3116 quae
678 3027 765 3095 nihil
794 3027 838 3094 ad
858 3027 1039 3095 seientiam
1070 3033 1217 3117 spectet.
1242 3066 1288 3078 -

236 3145 339 3229 Quod
358 3146 500 3237 quidem
521 3145 658 3214 Platoni
671 3146 814 3213 minime
827 3146 997 3234 placeret;
1015 3167 1175 3236 nomque
1194 3147 1288 3215 inter

236 3264 450 3331 eontrarium
465 3268 569 3351 atque
588 3261 683 3329 idem
704 3259 832 3328 multos
846 3260 904 3328 ille
928 3262 1057 3350 gradus
1073 3261 1290 3351 agnoscebat

237 3402 352 3470 neque
376 3382 504 3450 talibus
532 3381 667 3470 laqueis
690 3380 846 3447 irretitus
872 3378 1029 3446 haerebat
1053 3378 1116 3467 (3).
1148 3377 1229 3467 Ipsa
1251 3379 1287 3446 in

238 3497 519 3566 dissimilitudine
543 3494 805 3564 similitudinem
827 3495 914 3563 etin
936 3493 1163 3562 similitudine
1184 3493 1287 3561 dissi·

236 3616 469 3686 militudinem
500 3632 645 3681 cernere
672 3617 829 3697 noverat,
862 3618 897 3679 et
913 3630 972 3678 res
1000 3627 1106 3700 quam
1136 3606 1288 3676 maxime

238 3733 395 3822 dispares
412 3730 528 3819 aliqua
543 3728 598 3797 sui
621 3733 720 3817 parte
738 3725 889 3797 ducebat
913 3718 1039 3795 m'erito
1066 3725 1172 3794 etiam
1187 3741 1289 3812 posse

271 3982 304 4046 (t)
321 3980 355 4030 De
369 3980 435 4043 ssep,
451 3982 505 4041 135,
520 3991 540 4025 e.
557 4003 586 4014 -
596 3976 631 4042 (2)
647 3975 697 4040 tot,
710 3979 764 4039 stt,
775 3975 803 4026 d.
818 4003 847 4014 -
859 3978 893 4041 (a)
909 3975 1038 4042 Sophiste,
1049 3979 1105 4042 259,
1120 3976 1147 4028 d.
1191 4027 1194 4031 .
