2782 4576
568 301 724 365 „450

123 443 295 526 cantores,
313 436 503 527 paedagogi,
521 435 689 521 n'utriceS,
713 439 886 522 tonsores,
903 435 1048 510 bubulci
1061 450 1071 520 ;
1086 449 1175 525 quos

124 541 254 641 passim
284 552 491 622 commixtos
509 553 549 620 in
574 571 726 620 nascens
755 570 883 640 corpus
903 551 1006 620 velut·
1029 552 1175 629 totidem

124 674 241 756 pestes
264 669 437 759 impetum
461 667 631 736 facientes
650 666 749 735 Plato
773 667 877 735 nobis
907 673 1095 744 monstrat..
1131 669 1177 743 At

125 784 262 873 gravior
277 784 385 852 etiam
398 784 544 852 morbus
556 783 689 872 ingruit
703 802 814 872 quum
827 782 956 861 medici
966 788 1072 872 atque
1081 783 1177 872 judi·

126 899 393 983 munimentis
415 899 661 988 sequentibus,
687 899 881 966 necessarii
907 898 1082 977 videntur.
1107 900 1178 969 Aut

126 1015 221 1084 enirn
241 1035 348 1086 sanus
371 1015 416 1082 sit
433 1015 539 1082 homo
560 1021 621 1082 aut
640 1013 708 1082 cito
729 1013 899 1083 moriatur
924 1018 1086 1104 oportet;
1110 1035 1177 1089 nce

127 1132 315 1220 quisquam
329 1136 410 1220 eget
431 1130 549 1218 judice
575 1130 645 1198 nisi
669 1129 784 1220 legem
806 1128 986 1198 violaverit
1009 1136 1070 1198 aut
1096 1130 1180 1207 velit

127 1245 275 1317 violare:
294 1247 391 1334 atqui
402 1247 438 1314 in
453 1266 539 1325 sana
560 1245 697 1314 civitate
708 1244 825 1313 nullus
836 1243 951 1312 malus
965 1250 1181 1334 essepotest.

129 1361 268 1430 Scimus
286 1362 325 1429 in
339 1359 490 1450 Lepibus
507 1361 691 1429 Platonem
713 1359 852 1448 judices
873 1359 1083 1446 instituisse3
1119 1362 1182 1436 scd
1213 1344 1215 1346 i

129 1498 200 1565 non
218 1476 331 1545 solum
347 1476 452 1544 vellet
462 1476 600 1564 judices
619 1475 763 1545 inutiles
787 1496 881 1564 esse,
896 1477 1066 1563 atetiam,
1081 1478 1183 1547 nteit

129 1592 165 1660 iu
182 1591 347 1677 Politice,
364 1591 477 1682 leges!
495 1591 533 1660 Si
543 1612 627 1660 uera
637 1592 713 1680 eius
727 1595 807 1660 vota
826 1591 1080 1681 dignoscimus,
1096 1593 1182 1660 civi-

129 1713 237 1776 tatem
264 1708 456 1797 ¹quamdam
480 1707 689 1796 cogitatione
722 1707 1002 1798 amplectebatur
1024 1728 1180 1798 parvam,

128 1843 338 1914 pauperem,
356 1822 554 1912 simplicem
573 1823 816 1912 ignaramque,
845 1818 953 1913 parvo
971 1828 1010 1892 ut
1031 1824 1183 1901 maxime

128 1939 340 2008 commercio
376 1959 417 2008 ac
436 1939 530 2008 victu
557 1944 772 2025 contentam,
803 1939 841 2006 in
854 1959 923 2028 qua
937 1959 1063 2008 omues
1078 1920 1182 2009 suum

130 2074 261 2144 munus
275 2055 393 2145 sinon
408 2061 546 2144 sponte,
562 2060 600 2124 at
616 2055 711 2144 regis
725 2060 813 2123 nutu
828 2054 883 2125 vel
895 2055 1041 2140 minimo
1059 2056 1181 2145 imple

127 2170 262 2263 cissent
271 2169 338 2262 (1).
357 2169 398 2238 In
412 2170 480 2239 bac
489 2171 627 2240 civitate
644 2170 749 2238 nullae
765 2170 973 2260 cupiditates
987 2173 1182 2258 saevissent,

127 2285 247 2355 nullus
264 2286 420 2377 morbus,
432 2285 529 2354 nulla
542 2306 612 2354 nec
625 2286 788 2375 impietas
818 2287 1093 2383 necuequititia,
1116 2308 1183 2356 nec

132 2400 251 2494 libido.
265 2401 326 2470 Sic
338 2402 482 2471 demum
496 2422 562 2470 nec
575 2407 699 2490 poete,
716 2421 784 2468 nec
793 2401 943 2489 Judices,
960 2422 1027 2470 nec
1038 2403 1180 2491 medici,

127 2537 197 2607 nec
210 2517 313 2607 coqui
326 2517 389 2585 ulli
405 2517 443 2587 in
465 2517 533 2585 hac
550 2516 710 2604 fuissent,
728 2538 796 2585 nec
812 2517 1078 2607 impedivissent
1097 2520 1183 2608 quin

79 2660 88 2677 .
128 2638 225 2726 ,essct
248 2653 331 2702 vere
353 2653 437 2701 una.
460 2631 531 2701 Sed
560 2652 686 2721 precor
708 2632 853 2701 ubinam
867 2637 1043 2701 terrarum
1070 2638 1186 2723 potest

125 2747 223 2843 istud
235 2747 412 2842 somnium
422 2747 647 2839 uigilantibus
657 2747 767 2817 oculis
777 2767 934 2837 unquam
944 2747 1080 2817 viderit
1093 2748 1185 2831 Quid

129 2869 183 2932 est
195 2862 290 2958 istud
303 2863 436 2956 animal
448 2863 542 2953 quod
553 2863 944 2954 hominempertectum
956 2864 1056 2934 Plato
1068 2872 1181 2953 vocat,

71 3030 73 3035 >
129 2979 224 3071 quod
250 2979 404 3048 vescitur
427 2979 548 3048 herbis
568 2985 673 3069 atque
697 2979 801 3048 simul
824 2979 940 3049 morbi
964 3000 1092 3068 expers
1116 2987 1182 3070 est,

128 3095 309 3188 impexum
324 3104 429 3184 atque
441 3095 657 3184 impeccans.
681 3095 878 3165 Bestiano‘l
899 3095 1031 3165 Verum
1046 3097 1183 3186 cupidi-

129 3216 219 3297 tates
234 3231 307 3280 non
316 3211 425 3280 novit.
442 3211 498 3279 An
512 3211 634 3280 Deus‘l
649 3210 748 3280 Deus
776 3231 849 3279 non
864 3217 957 3301 eget,
972 3211 1028 3295 vel
1049 3211 1182 3281 herbis.

84 3338 92 3342 ’
129 3326 166 3420 Si
174 3345 260 3396 vero
273 3346 413 3416 quaeras
426 3347 495 3416 quo
502 3327 582 3416 iure
590 3326 727 3395 recidat
736 3327 779 3395 in
790 3327 928 3396 civitate
940 3347 1004 3396 sua
1014 3327 1185 3417 quidquid

129 3442 219 3511 ultra
233 3442 404 3534 quosdam
418 3442 508 3511 fines
522 3443 590 3511 sert
604 3448 731 3532 sponte
742 3448 880 3529 natura,
895 3442 1054 3511 invenies
1066 3443 1183 3513 Plato·

127 3577 212 3627 nem
235 3557 355 3628 oculos
371 3558 504 3629 habere
532 3579 639 3649 super
657 3558 742 3627 Idea
755 3557 901 3645 defixos,
927 3558 1029 3647 cujus
1048 3557 1092 3626 ad
1111 3559 1184 3629 effi·

130 3673 222 3763 giem
251 3675 428 3744 viventem
455 3674 630 3743 civitatem
661 3675 808 3762 castigat
838 3673 1092 3764 emendatque..
1119 3675 1186 3744 Hic

163 3945 195 4008 (1)
214 3944 249 3994 De
262 3943 377 4008 lapibus,
388 3949 444 4008 tlt,
457 3943 508 3994 bct
521 3959 579 4007 sqq.
591 3944 627 3992 De
644 3944 711 4006 llep,
725 3947 779 4006 ³72,
792 3943 819 3991 d.
