2782 4576
587 336 746 396 ..ffl-

184 475 276 558 Quid
301 475 459 543 dicemus
484 473 528 541 de
553 471 797 540 communibus
815 471 960 559 pueris‘l
984 469 1116 540 Omnes
1133 474 1189 561 ju-

138 611 247 660 venes
268 595 412 659 uraturae
446 589 556 657 aetatis
588 588 682 655 viros
706 591 745 655 ut
773 592 892 677 patres
915 592 1105 669 amaturos,
1126 589 1193 658 hos

139 707 267 778 deinde
281 707 430 795 juvenes
449 711 489 772 ut
506 703 596 772 filios
612 703 801 771 dilecturos
824 723 934 790 quum
956 703 1191 793 Philosophus

141 822 339 909 contendit,
368 841 493 910 parum
524 819 686 887 videlicet
719 818 796 907 ipse
832 838 904 886 suae
935 818 1003 908 legi
1032 820 1191 908 confidit;

141 958 224 1006 nam
254 937 400 1005 alteram
426 935 542 1024 legem
564 935 646 1002 huic
679 934 717 1000 in
748 932 945 1002 subsidium
971 941 1093 1022 vocat,
1124 958 1195 1026 qua

139 1054 333 1144 imperatur
349 1071 477 1140 pueros
497 1071 568 1118 non
592 1049 700 1118 verbo
718 1054 855 1117 tantum
876 1047 939 1116 sed
954 1049 1073 1119 animo
1090 1057 1195 1140 atque

141 1190 180 1236 re
199 1168 295 1256 illam
309 1172 448 1256 patrum
461 1164 722 1234 multitudinem
734 1164 991 1254 diligereErgo
1006 1165 1105 1255 siqui
1115 1175 1198 1238 suut

140 1285 178 1351 in
199 1284 265 1351 hac
289 1283 426 1350 civitate
450 1282 565 1349 teneri
584 1287 620 1349 et
644 1280 765 1348 dulces
787 1278 944 1367 allectus,
973 1280 1012 1348 hi
1034 1281 1104 1370 ipsi
1126 1282 1195 1352 im·

141 1399 238 1488 perio
254 1399 521 1488 magistratuum
537 1396 668 1464 debent
686 1396 841 1463 excitari.
863 1395 917 1464 Ne
934 1416 1032 1464 amor
1055 1400 1196 1486 quidem

142 1520 265 1603 sponte
281 1512 434 1581 orietur!
453 1511 691 1580 Nihilominus
711 1511 795 1578 hinc
814 1511 966 1579 maxime
981 1532 1086 1581 unam
1101 1534 1196 1583 rem·

143 1627 320 1718 publicam
345 1627 419 1695 fore
445 1632 575 1717 sperat.
596 1626 846 1715 «Cuicumque
862 1626 957 1694 enim
974 1628 1052 1715 quis
1072 1649 1197 1699 occur-

143 1751 209 1830 ret,
229 1742 286 1812 vel
305 1742 415 1829 fratri,
431 1740 488 1809 vel
507 1742 631 1826 sorori,
656 1746 716 1809 aut
731 1741 822 1830 patri
844 1748 903 1808 aut
923 1743 1027 1811 matri
1046 1753 1107 1813 aut
1126 1745 1197 1815 filio

145 1865 205 1927 aut
218 1858 298 1927 filia
313 1859 393 1926 sire
408 1858 534 1926 horum
553 1857 657 1944 natis,
682 1877 746 1924 seu
768 1857 959 1945 majoribus
977 1860 1114 1946 putabit
1136 1882 1196 1931 oc-

143 1994 327 2042 currere...
343 1973 386 2040 In
407 1973 474 2041 hac
490 1972 596 2062 igitur
612 1972 749 2040 civitate
773 1972 925 2041 maxime
947 1975 1105 2043 omnium
1124 1997 1197 2046 uno

143 2090 259 2180 aliquo
294 2089 386 2158 bene
413 2088 468 2157 vel
501 2087 592 2155 male
625 2086 762 2174 allecto,
803 2108 874 2156 uno
908 2109 969 2157 ore
998 2089 1200 2163 clamabunt

143 2225 299 2273 omnes:
326 2204 447 2272 Meum
473 2203 566 2272 hene
595 2203 777 2290 sehabet,
800 2203 854 2271 vel
879 2203 997 2272 Meum
1026 2227 1065 2276 se
1090 2207 1197 2278 habet

142 2320 274 2388 male...
298 2318 388 2390 Cum
408 2319 475 2387 hac
495 2319 661 2407 opinione
678 2338 719 2386 ac
732 2319 850 2387 verbis
871 2319 1073 2407 hujusmodi
1097 2326 1197 2415 sequi

143 2435 409 2518 dicebamus,ut
420 2433 661 2522 etvoluptates
671 2454 877 2502 communes
887 2436 1003 2504 sintet
1014 2437 1193 2509 dolores...

144 2550 185 2618 In
211 2570 253 2618 eo
275 2549 381 2640 igitur
404 2549 556 2617 maxime
575 2550 686 2617 nostri
710 2549 862 2618 invicem
889 2553 1198 2624 communicabunt

144 2666 237 2756 quod
251 2685 371 2734 meum
387 2664 528 2733 dicent:
556 2684 600 2732 ex
621 2685 692 2754 qua
711 2666 958 2734 communione
973 2675 1142 2757 sequetur
1160 2679 1199 2742 ut

142 2781 338 2872 voluptates
353 2786 388 2848 et
402 2780 540 2848 dolores
555 2800 762 2863 communes
781 2779 946 2849 habeant.
965 2781 1103 2852 Horum
1115 2807 1198 2855 vero

143 2916 249 2964 causa
262 2916 347 2983 una,
365 2915 446 2964 cum
460 2896 596 2994 reliqua
614 2896 761 2964 civitatis
780 2897 1041 2986 constitutione,
1054 2907 1108 2969 est
1121 2901 1199 2991 ipsa

144 3010 330 3080 custodum
340 3012 608 3080 circamulieres
620 3009 781 3100 filiosque
789 3014 1002 3082 communio.
1012 3015 1198 3088 Enimvero

141 3147 321 3195 summum
349 3126 417 3196 hoc
450 3127 598 3196 civitatis
629 3127 760 3196 bonum
786 3149 866 3196 esse
894 3129 1048 3198 confessi
1074 3152 1197 3204 sumus

143 3263 224 3312 oum
248 3242 459 3311 civitatatem
473 3249 571 3311 recte
592 3243 822 3332 gubernatam
838 3243 990 3313 similem
1005 3265 1084 3315 esse
1100 3248 1196 3317 dice-

141 3378 261 3428 remus
275 3358 443 3448 corporiS‚
462 3358 697 3448 cumsingulis
707 3359 867 3449 partibus
883 3361 956 3428 suis
972 3361 1065 3429 circa
1079 3363 1199 3455 volup-

141 3480 249 3543 tatem
279 3479 315 3542 et
347 3473 503 3542 dolorem
536 3495 676 3563 quoque
706 3475 811 3543 modo
837 3477 1194 3550 communicantis‘l...

141 3589 285 3658 Maximi
293 3590 412 3678 itaque
423 3590 509 3658 boni
519 3609 625 3657 causa
635 3590 784 3658 civitatis
792 3591 894 3659 nobis
905 3591 1017 3680 patuit
1031 3613 1109 3661 esse
1121 3595 1198 3685 ipsa

143 3705 237 3773 inter
250 3705 449 3774 auxiliarios
457 3705 648 3774 mulierum
658 3705 880 3795 liliorumque
891 3709 1090 3777 communio
1099 3709 1164 3798 (l).
1179 3733 1196 3779 a

180 3970 214 4033 (l)
231 3970 266 4019 De
280 3971 349 4034 llep„
363 3974 418 4036 idi,
431 3987 452 4019 c.
