2782 4576
622 336 781 397 ..52-

174 488 320 538 munere
337 469 546 537 continetur.
564 470 610 538 At
628 491 670 539 ea
683 471 817 559 justitia
836 473 892 540 vin
911 473 1077 543 societate
1094 481 1174 563 eget
1191 481 1231 544 ut

174 582 307 653 lloreat.
323 585 484 674 Namque
499 587 551 652 vir
567 586 725 676 singulus
742 588 900 675 partibus
915 594 1063 675 constat,
1078 610 1230 678 quarum

173 700 204 767 si
223 721 294 768 una
312 722 460 789 quaeque
480 721 544 768 suo
567 722 712 769 munere
732 702 901 792 iungitur,
915 704 1031 792 justus
1052 705 1229 794 extemplo

172 816 297 884 evadit.
320 816 563 885 Concedamus
578 836 661 884 vero
681 837 762 885 eum
780 819 896 907 potius
915 820 953 886 in
971 819 1136 888 societate
1152 840 1230 888 ver·

59 1016 67 1034 ·
171 937 306 999 santam
323 933 457 1019 justum
475 931 563 1017 steri,
586 953 694 1022 quum
716 954 754 1001 se
768 933 804 1001 in
826 954 889 1001 suo
910 933 1023 1002 officio
1044 935 1224 1003 eontinet:

172 1047 285 1114 credis
310 1048 483 1126 civitatem
505 1049 571 1115 hac
586 1048 720 1136 justitia
741 1069 844 1137 posse
868 1049 987 1118 stare‘l
1004 1050 1084 1119 Non
1105 1071 1228 1121 sumus

171 1161 323 1231 hominis
335 1164 441 1231 unius
456 1161 572 1250 officii,
585 1163 859 1252 sedmultiplicis
870 1186 879 1251 ;
892 1165 986 1255 quod
997 1167 1068 1254 jam
1084 1165 1227 1235 abunde

169 1279 452 1347 monstravimus,
475 1278 549 1347 lmo
569 1279 701 1367 justitia
720 1300 802 1349 vera
822 1287 977 1368 nonest,
999 1281 1028 1349 si
1053 1282 1131 1371 quis
1147 1287 1227 1351 tan-

170 1400 244 1462 tum
259 1394 434 1463 abstineat
450 1415 470 1461 a
485 1415 632 1463 munere
648 1395 775 1482 alieno,
794 1401 898 1484 atqua
914 1416 934 1463 a
949 1417 987 1464 re
1000 1397 1131 1482 aliena3
1150 1399 1226 1487 pri-

169 1530 249 1578 mus
270 1511 405 1598 justitia
428 1510 557 1579 amoris
581 1510 727 1601 gradum
750 1531 826 1600 quae
849 1531 915 1579 nos
940 1533 1011 1580 non
1042 1513 1155 1582 solum
1180 1515 1225 1583 ad

170 1625 418 1694 abstinendum
434 1625 498 1694 sed
517 1626 622 1694 etiam
643 1625 687 1694 ad
708 1626 884 1716 egendum
906 1627 1094 1717 compellit,
1114 1648 1225 1717 quum

170 1761 292 1809 omnes
313 1761 394 1809 suos
413 1761 580 1809 numeros
598 1740 717 1809 habet.
740 1742 890 1810 Strenue
912 1742 1014 1810 nobis
1034 1763 1141 1832 opera
1159 1764 1224 1832 pro

165 1858 243 1944 jure
263 1857 488 1944 conferenda,
506 1856 544 1924 id
565 1862 618 1925 est
633 1877 696 1946 pro
714 1856 917 1925 hominibus
937 1858 1074 1948 siquos
1094 1858 1222 1949 aliquis
1283 1845 1286 1855 ’

169 1971 283 2040 laedat.
307 1972 425 2041 Multis
447 1973 485 2040 in
505 1973 748 2041 occasionibus
773 1973 925 2060 injustus
948 1979 1095 2041 estnon
1117 1974 1223 2042 modo

169 2089 229 2177 qui
250 2089 383 2177 arripit,
405 2089 468 2156 sed
488 2089 547 2176 qui
571 2109 643 2155 non
662 2088 753 2156 ultro
774 2087 833 2155 dat
852 2093 956 2176 atque
979 2088 1124 2158 confert.
1141 2089 1223 2158 Non

169 2224 251 2292 ergo
268 2204 482 2292 sperandum
498 2209 552 2271 est
562 2203 701 2271 Platoni
713 2223 813 2271 suam
827 2203 1002 2272 civitatem
1015 2203 1082 2272 hac
1092 2205 1225 2292 justitia

163 2319 282 2407 jejuna
294 2339 335 2387 ac
348 2319 542 2387 continenti
553 2339 657 2407 posse
670 2319 708 2386 in
720 2338 832 2386 unum
848 2318 952 2386 coire.
968 2318 1142 2387 Caeterum
1158 2340 1222 2388 cur

164 2435 279 2503 forent
298 2435 373 2522 ejus
398 2435 490 2502 cives
512 2433 567 2502 vel
590 2435 658 2502 hoc
680 2453 787 2502 sensu
806 2434 918 2522 justit
943 2419 1219 2524 Duo'praecipua

164 2556 343 2618 momenta
377 2550 539 2617 homines
569 2549 613 2616 ad
644 2548 821 2638 agendum
853 2548 1050 2636 impellunt,
1085 2550 1217 2619 utilitas

166 2672 269 2755 atque
284 2686 393 2733 amor.
412 2665 497 2746 Quae
517 2665 660 2754 quidem
675 2665 778 2732 ambo
800 2685 976 2753 nusquam
990 2664 1084 2751 apud
1102 2655 1221 2734 Plato-

165 2783 297 2850 nemin
312 2782 437 2848 animis
452 2781 580 2849 civium
593 2785 774 2870 apparent,
787 2779 855 2847 nisi
870 2784 907 2846 ut
923 2779 1126 2868 depugnent
1139 2801 1220 2850 con·

165 2903 218 2965 tra
233 2896 414 2984 justitiam.
432 2895 545 2964 Nemo
567 2917 631 2964 sua
651 2901 744 2963 sorte
761 2895 810 2962 ita
831 2895 1068 2962 contentusin
1088 2895 1154 2962 hac
1173 2895 1220 2962 ci·

164 3014 269 3081 vitate
293 3014 404 3098 vivat,
434 3017 471 3080 ut
503 3010 586 3080 velit
613 3032 654 3079 eo
685 3011 746 3080 ubl
779 3010 918 3078 fortuna
946 3030 1027 3078 eum
1055 3009 1222 3079 locaverit

165 3149 322 3197 manere.
353 3128 508 3195 Necesse
538 3127 604 3194 erit
634 3127 861 3215 magistratus
895 3126 1022 3214 cuique
1050 3126 1219 3213 justitiam

162 3246 345 3334 imponere
361 3264 466 3333 quam
490 3247 612 3331 sponte
636 3262 741 3309 nemo
765 3246 969 3308 exerceret:
988 3245 1024 3308 at
1043 3240 1218 3329 quomodo

162 3360 422 3450 magistratibus
446 3359 532 3447 ipsis
544 3357 677 3446 J‘ustitia
693 3357 923 3445 imponatur‘l
944 3354 1030 3436 Quis
1047 3355 1219 3424 custodiet

166 3475 328 3544 custodes
349 3476 463 3564 ipsos,
489 3475 526 3541 in
549 3492 613 3540 sua
632 3472 783 3539 maxime
808 3470 1007 3539 conditione
1031 3470 1218 3540 infelices?

164 3590 269 3659 Nullo
291 3596 391 3678 pacto
408 3590 538 3678 justam
560 3587 688 3656 reddes
711 3587 886 3655 civitatem
906 3607 982 3675 quae
1001 3607 1074 3654 non
1093 3592 1227 3677 sponte,

160 3706 217 3794 jus
233 3706 474 3794 amplectatur.
493 3703 595 3786 Quod
618 3703 662 3770 ad
682 3722 837 3771 amorem
861 3702 1025 3792 pertinet,
1042 3703 1216 3791 quomodo

164 3823 258 3890 cives
279 3822 372 3889 inter
391 3841 428 3888 se
449 3819 550 3888 dulce
571 3819 820 3887 commercium
839 3823 996 3906 agerent,
1014 3838 1122 3906 quum
1146 3837 1216 3885 ma-

164 3937 329 4026 gistratus
344 3936 411 4024 ipsi
425 3936 463 4002 in
478 3934 611 4003 civibus
626 3933 713 4001 nihil
734 3935 802 4001 nisi
816 3952 984 4000 numeros
999 3938 1103 4021 atque
1119 3932 1216 4002 ideas
