2782 4576
666 309 823 371 -36..

218 451 352 537 pugnet
384 445 462 534 ipsa
489 444 556 514 sibi
588 464 645 513 res
679 443 831 532 publica.
858 443 971 525 Quam
999 442 1269 533 repugnantiam

216 558 423 649 philosopho
446 564 566 628 nostro
588 559 726 628 crimini
747 578 933 626 caveamus
952 562 1101 625 vertere.
1127 556 1270 626 Primus

177 755 180 760 A
217 677 314 743 enim
334 676 420 743 duas
436 674 602 744 doetrinae
618 674 767 762 politicae
778 673 886 741 iacies
899 671 984 740 vidit
998 671 1239 761 expressitque
1259 696 1266 736 :

210 810 304 885 ¹quas
328 790 461 880 posteri
487 787 733 857 conciliabunt.
760 786 986 855 Meminimus
1007 785 1106 853 illum
1132 786 1269 854 Anaxa·

215 926 307 995 gorae
328 926 495 973 versum:
518 904 677 978 Primum
697 907 824 971 eunota
847 908 948 971 erant
967 903 1144 988 immixta3
1164 922 1268 970 mens

216 1026 333 1090 autem
362 1022 521 1112 ingressa
549 1025 676 1089 cuncta
698 1019 882 1087 ordinavit.
906 1018 947 1103 Iu
969 1019 1115 1089 Platone
1143 1023 1270 1088 cuncta

216 1137 403 1207 commixta
434 1137 630 1226 composuit
663 1134 884 1226 Aristoteles,
923 1133 1027 1203 simul
1060 1132 1269 1215 accuravit

215 1252 443 1323 secernenda.

713 1490 768 1561 tlt

578 1723 723 1776 Vincula
736 1723 894 1776 civitatis.
969 1726 972 1732 ‘

256 1951 421 2020 Attamen
431 1951 508 2040 ipse
522 1950 621 2020 Plato
636 1951 805 2020 mirabilis
822 1970 931 2041 quum
949 1956 1120 2021 monstrat
1138 1951 1266 2042 quibus

213 2069 324 2137 modis
341 2074 463 2159 sponte
481 2088 544 2137 sua
560 2069 693 2157 eivitaS,
711 2069 871 2159 corporis
886 2068 1039 2158 organici
1060 2068 1172 2137 instar
1187 2049 1266 2139 sese

213 2203 320 2254 unam
349 2184 510 2253 conficiat
530 2184 783 2274 informetque.
811 2184 903 2253 Vere
933 2185 1189 2271 incommodus,
1218 2205 1265 2255 ne

213 2301 373 2371 odiosum
390 2303 516 2390 dicam,
534 2324 643 2392 quum
657 2303 707 2370 illi
724 2303 793 2391 ipsi
815 2303 944 2372 civitati
962 2303 1084 2392 Jugum
1104 2302 1264 2393 gravissi·

204 2435 309 2484 *mum
332 2416 480 2507 imponit
502 2421 548 2484 ut·
563 2435 641 2484 eam
657 2399 811 2504 perfecte
830 2415 1092 2506 unamreddat.
1111 2416 1264 2486 Diversre

210 2532 265 2600 hae
290 2533 474 2602 sententiae
499 2538 665 2622 tanquam
686 2532 815 2622 duplex
837 2532 875 2600 in
901 2532 1025 2601 eodem
1047 2531 1151 2600 alveo
1167 2514 1263 2602 rivus

209 2648 361 2737 primum
377 2654 489 2717 tractu
503 2648 578 2737 pari
594 2647 767 2734 defluunt3
792 2666 873 2715 mox
890 2646 977 2715 alter
998 2647 1144 2744 alterum
1166 2632 1263 2716 rivus

209 2764 392 2854 opprimit,
414 2769 519 2854 atque
542 2764 637 2833 solus
664 2769 771 2834 totum
795 2764 932 2833 alveum
957 2769 1116 2852 occupat.
1134 2764 1262 2832 Civitas

175 2950 178 2956 .
208 2881 325 2951 divina
352 2882 526 2951 eivitatem
552 2887 676 2951 natura
698 2880 857 2951 terrestri
877 2886 988 2949 ortam
1013 2881 1182 2970 paulatim
1199 2901 1260 2949 su·

206 3002 307 3084 perat
323 3001 428 3086 atque
445 2995 628 3086 extinguit.

658 3264 687 3307 1⁰
701 3263 814 3307 Natura.

166 3362 177 3401 t

247 3461 381 3531 Natura
413 3467 546 3531 starent
576 3463 731 3532 civitates
765 3481 807 3530 an
842 3466 916 3530 arte
951 3466 1027 3529 tum
1058 3442 1258 3531 vehementi

203 3578 317 3648 studio
334 3570 582 3667 apud'schoias
607 3579 841 3668 quaerebatur.
866 3572 1012 3646 Acriter
1023 3577 1121 3647 Plato
1138 3583 1258 3674 contra

203 3695 378 3784 sophistas
394 3695 550 3764 defendit
562 3695 718 3764 civitates
729 3700 855 3763 natura
870 3700 977 3779 stare,
993 3699 1097 3784 atque
1110 3694 1255 3789 impium

201 3830 357 3880 errorem
383 3812 574 3902 redarguit.
588 3812 663 3884 Sed
681 3817 732 3900 tu,
761 3816 949 3900 antequam
973 3811 1008 3879 in
1032 3812 1124 3880 hano
1140 3831 1254 3903 quaes·

202 3926 334 3996 tionem
358 3927 629 4014 descendamus,
655 3927 734 3997 vide
765 3928 999 4016 quamvariae
1025 3928 1096 3996 siut
1131 3949 1255 4011 secun·
