2782 4576
661 358 821 418 ..10-

217 498 293 586 ejus
317 494 450 585 efligies
470 492 647 562 mentibus
662 491 718 560 vel
740 492 891 559 maxime
917 493 1050 562 obtusis
1074 515 1269 566 accommo-

219 613 310 681 data.
325 611 377 680 lta
387 611 538 701 primum
555 608 816 678 confunduntur
831 628 910 697 quae
923 630 1019 678 nunc
1039 611 1162 681 sedulo
1179 613 1268 682 divi·

219 725 1288 815 &mmmmfflmmmmffifflmfflmm

219 852 259 914 ut
272 850 459 936 cognoscat
473 842 585 933 qualis
596 842 641 910 sit
654 841 725 910 vita
738 841 921 910 hominum
938 844 1146 931 communis,
1159 845 1221 914 sed
1231 850 1270 913 ut

218 961 399 1051 praecipiat
414 958 526 1049 qualis
540 956 598 1026 illa
614 958 740 1027 debeat
756 977 834 1025 esse
846 956 965 1047 (l).=ln
980 957 1129 1027 Politice
1144 959 1271 1027 dicitur

218 1076 295 1144 Rex
306 1075 452 1144 scientia
465 1094 526 1142 rex
545 1093 621 1142 esse
637 1093 709 1140 non
720 1077 810 1158 arte,
828 1072 892 1141 sed
903 1074 979 1162 quis
990 1093 1062 1141 non
1072 1073 1167 1142 videt
1178 1076 1271 1164 regis

222 1173 344 1260 eontra
360 1197 472 1260 artem
487 1191 666 1280 propriam
683 1211 775 1278 esse,
791 1190 973 1258 scientiam
987 1190 1186 1280 philosophi
1197 1190 1274 1280 (ata

221 1304 1273 1394 Pmmmfflmmmfflmmmmmmmm

222 1422 454 1512 appellantur.
468 1421 602 1490 Deinde
615 1421 729 1488 omnis
747 1419 856 1488 civilis
873 1419 1031 1488 doctrina
1046 1421 1090 1505 ad
1102 1421 1272 1490 moralem

222 1536 428 1605 reducitur:
452 1555 533 1603 cum
552 1534 730 1624 principes
746 1533 898 1623 privatos
916 1534 1045 1623 probos
1068 1533 1271 1624 effecerunt,

221 1670 326 1719 omne
345 1670 448 1719 suum
469 1646 748 1739 adimpleverunt
766 1669 907 1717 munus.
925 1669 942 1716 <t
959 1649 1115 1718 Necesse
1132 1656 1186 1719 est
1203 1651 1272 1740 igi·
1319 1730 1323 1738 ¹

222 1771 279 1834 tur
298 1787 376 1836 eam
397 1765 548 1834 maxime
568 1783 609 1832 ac
631 1764 742 1832 solam
765 1765 938 1834 aestimare
956 1765 1213 1853 rempublicam
1235 1767 1274 1835 in

224 1903 293 1972 qua
321 1883 382 1972 qui
414 1881 674 1972 magistratibus
702 1882 895 1972 funguntur
922 1901 1044 1950 revera
1077 1883 1273 1969 gubernare

223 2001 349 2069 sciunt.
365 1999 489 2088 Neque
509 1999 656 2088 insuper
670 1999 778 2068 refert
793 2000 865 2068 sive
884 1998 1089 2090 capitalibus
1107 1999 1222 2087 poenis
1239 2005 1274 2067 et

224 2116 355 2187 exsiliis
384 2117 594 2206 quibusdam
618 2117 815 2208 eommunis
845 2116 931 2185 boni
964 2117 1074 2207 gratia
1102 2116 1276 2185 civitatem

222 2238 385 2324 purgent,
405 2252 468 2300 seu
482 2229 635 2300 colonias
646 2238 812 2322 tanquam
826 2251 931 2321 apum
946 2232 1107 2301 examina
1121 2231 1272 2321 mittant,

222 2345 435 2437 populumne
451 2344 703 2430 comminuant,
721 2344 793 2412 sive
806 2344 948 2413 aliunde
963 2345 1124 2414 homines
1140 2345 1275 2412 iuturus

225 2462 319 2529 cives
349 2461 531 2549 advocent,
561 2461 807 2549 civitatemque
838 2461 1062 2550 amplificent.
1095 2461 1276 2543 Quatenus

227 2579 323 2648 enim
351 2579 497 2648 scientia
517 2584 552 2647 et
571 2579 705 2668 Justitia
727 2578 819 2668 freti,
837 2599 880 2648 ex
901 2578 1072 2646 deteriore
1094 2578 1276 2646 meliorem

226 2717 289 2789 pro
304 2697 437 2766 viribus
455 2696 629 2765 civitatem
651 2695 807 2765 efficiunt
831 2701 934 2784 atque
960 2699 1111 2782 servant,
1132 2701 1278 2764 eatenus

226 2819 359 2883 rectam
372 2812 540 2903 appellari
558 2813 814 2902 rempublicam
835 2812 1008 2898 volumus,
1034 2817 1069 2880 et
1087 2811 1122 2879 in
1143 2831 1184 2880 eo
1202 2813 1279 2901 ipso

228 2931 397 2999 duntaxat
429 2929 669 2998 definitionem
701 2935 807 2999 rectae
845 2929 1108 3020 gubernationis
1144 2929 1278 2997 consis-

228 3050 303 3114 tere
324 3043 387 3134 (3).
407 3066 423 3112 u
442 3044 528 3126 Quae
548 3043 629 3113 siin
647 3045 754 3114 breve
773 3043 972 3130 contrahas,
997 3044 1129 3111 senties
1144 3042 1280 3111 Platoni

230 3159 410 3250 egregium
438 3159 617 3249 politicum
647 3159 798 3248 probum
824 3159 983 3248 quemvis
1012 3158 1126 3227 virum
1157 3159 1279 3244 videri,

232 3282 377 3345 caeteros
395 3276 462 3345 sibi
475 3273 607 3344 similes
627 3274 766 3343 efficere
787 3276 848 3363 qui
868 3275 991 3364 possit,
1010 3280 1045 3342 at
1062 3274 1176 3342 virum
1199 3294 1281 3365 pro·

231 3396 316 3466 bum
337 3395 500 3464 eumdem
524 3413 602 3462 esse
619 3393 767 3462 scientia
788 3391 873 3460 boni
895 3391 1103 3480 praeditum3
1127 3410 1222 3479 nam,
1243 3398 1282 3460 ut

232 3509 395 3580 omnibus
409 3514 532 3577 notum
545 3511 609 3595 est,
626 3508 736 3577 virtus
747 3506 882 3574 Platoni
893 3506 1048 3575 scientiae
1064 3525 1193 3594 comes,
1209 3506 1280 3574 imo

233 3647 327 3716 mm

277 3743 314 3811 Si
329 3743 458 3833 quaeris
474 3763 536 3812 cur
551 3741 655 3812 luerit
677 3761 696 3811 a
715 3747 812 3812 tanto
831 3741 1040 3833 philosopho
1063 3760 1119 3811 ars
1142 3740 1282 3832 politica

266 3989 814 4059 mmm-mmm-mmm
