2782 4576
659 305 818 366 ..34-

210 440 312 511 nobis
339 440 577 510 individuum:
601 440 738 511 Platoni
764 447 882 510 autem
910 428 1015 509 omne
1034 438 1165 508 animal
1184 457 1261 505 ma-

210 558 314 629 china
325 557 443 627 multis
459 557 615 646 partibus
626 564 806 643 constans;
832 559 888 625 vix
902 557 980 647 ipse
994 558 1091 625 Deus
1104 555 1259 644 perlecta

210 694 319 760 unus;
347 675 395 742 ita
427 678 466 741 ut
496 673 687 741 viderimus
717 694 758 741 ex
784 694 855 740 uno
883 678 918 739 et
946 672 1065 740 multis
1099 675 1260 739 constare

208 787 337 873 omnia,
351 787 406 854 rel
414 787 443 854 si
454 806 523 876 qua
533 787 603 855 sint
617 791 760 855 aeterna.
776 774 888 868 Quam
901 808 966 855 nos
981 787 1144 876 ponimus
1159 785 1260 856 dilt'e-

207 899 356 966 rentiam
374 900 466 967 inter
485 920 595 968 unum
615 906 649 970 et
669 899 830 989 simplex,
846 900 980 968 scilieet
995 901 1088 968 inter
1106 901 1257 990 partium
1313 985 1316 989 Ι

208 1015 365 1084 ordinem
393 1020 427 1083 et
460 1017 701 1106 negationem,
728 1024 866 1085 veteres
886 1017 1103 1085 omittebant.
1134 1017 1256 1106 Itaque

206 1134 298 1203 inter
312 1134 492 1202 machinas
507 1134 663 1203 viventes
683 1139 786 1223 atque
804 1133 984 1203 machinas
1003 1136 1074 1202 vita
1095 1140 1257 1202 carentes

206 1251 354 1337 nullum,
376 1251 445 1320 nisi
460 1252 576 1342 quoad
595 1272 783 1322 numerum
803 1257 907 1340 atque
925 1251 1084 1319 ordinem
1104 1250 1257 1339 partium

179 1412 181 1416 .
206 1369 396 1439 discrimen
416 1372 619 1440 cernebant.
650 1371 797 1460 Physica
813 1392 854 1440 ac
869 1372 1115 1441 mathematice
1131 1392 1256 1440 omnes

108 1501 111 1508 ’
205 1483 349 1554 affectus
364 1485 472 1553 animi
484 1487 545 1575 qui
557 1487 660 1556 nobis
681 1488 910 1556 animantium
928 1489 1083 1576 speciem
1093 1488 1258 1577 praebent

204 1600 512 1691 interpretabatur.
540 1603 614 1670 Imo
641 1603 796 1670 animum
822 1603 939 1692 ipsum
969 1604 1115 1692 minime
1129 1601 1254 1671 indivi-

204 1718 313 1786 duum
333 1738 373 1786 ae
389 1718 585 1808 simplicem
595 1719 633 1786 in
642 1718 800 1786 doctrina
813 1718 968 1787 Platonis
976 1719 1145 1808 reperias,
1158 1739 1253 1786 nam·

203 1852 271 1920 que
292 1836 414 1899 noster
433 1832 571 1899 animus
582 1851 626 1899 en
639 1831 754 1899 animo
770 1831 889 1900 Terrae
901 1832 1060 1918 haustae,
1078 1852 1200 1900 rursus
1217 1832 1254 1899 in

203 1948 299 2017 hunc
323 1953 403 2036 post
429 1954 578 2017 mortem
609 1947 772 2017 dilabitur
794 1946 858 2037 (l).
878 1949 977 2017 Adde
1002 1947 1096 2039 quod
1115 1949 1253 2017 animus

202 2064 297 2134 idem
309 2065 347 2133 in
361 2065 436 2134 viro
446 2065 603 2154 partibus
617 2071 752 2134 constat
766 2086 807 2134 ac
819 2065 938 2154 plures
948 2066 1130 2135 facultates
1143 2065 1254 2135 iuclu-

203 2180 263 2267 dit,
280 2202 430 2271 quorum
444 2202 515 2250 una
529 2181 747 2269 immortalis,
761 2188 899 2251 caeterae
914 2202 996 2251 vero
1012 2181 1177 2250 mortales
1188 2181 1254 2250 fre·
1291 2250 1300 2265 ,

202 2303 351 2387 quanter
361 2295 583 2365 dissentiunt.
594 2296 670 2366 Hoc
681 2297 795 2366 solum
806 2304 907 2388 paeto
918 2299 1056 2366 animus
1068 2298 1134 2366 sihi
1143 2298 1252 2386 impe·

200 2432 278 2481 rare
301 2412 369 2481 dici
392 2418 524 2501 potest3
554 2435 662 2504 quum
684 2434 766 2503 pars
788 2415 864 2503 ejus
885 2416 1091 2484 immortalis
1114 2415 1251 2484 mortali

200 2537 354 2618 praestet.
369 2531 528 2620 Denique
540 2531 569 2599 si
578 2531 750 2623 dialogum
761 2530 812 2598 De
820 2530 1014 2618 Republica
1025 2531 1193 2600 volvimus
1204 2531 1252 2598 vi-

201 2648 326 2716 demus
339 2648 494 2717 animum
505 2651 542 2715 in
554 2647 730 2716 infinitum
741 2647 944 2736 cupidinum
955 2669 1143 2716 numerum
1152 2648 1251 2735 quasi

199 2763 372 2854 dissipari,
392 2785 542 2854 quorum
563 2764 621 2832 alii
635 2753 738 2833 aliam
756 2785 838 2832 eum
852 2752 1037 2853 in'partem
1053 2762 1248 2840 distrahere

199 2878 426 2948 contendunt.
444 2876 522 2960 Qua
532 2875 575 2945 de
593 2879 798 2968 quaestione,
813 2877 971 2966 quamvis
984 2875 1097 2944 varias
1116 2875 1153 2942 in
1166 2895 1250 2944 sen-

199 2996 324 3065 tentias
341 2995 439 3064 Plato
456 2994 583 3064 abiisse
604 2994 775 3082 videatur,
792 2993 957 3062 eumdem
981 2991 1088 3060 veluti
1107 3011 1248 3059 cursum

198 3131 340 3200 semper
359 3111 483 3197 tenuit,
497 3117 602 3200 atque
621 3112 759 3179 animos
775 3130 854 3179 esse
877 3129 1044 3177 numeros
1068 3127 1156 3197 quos
1167 3107 1250 3194 jun-

199 3246 282 3316 gere
297 3227 389 3294 inter
402 3246 440 3294 se
455 3232 514 3294 aut
527 3227 713 3317 sejungere
729 3226 843 3315 possis
859 3209 1061 3293 constanter
1072 3223 1249 3292 existima·

96 3341 99 3344 ’
196 3343 256 3412 vit.
290 3342 493 3433 Opportune
518 3343 635 3433 itaque
673 3363 754 3410 cum
788 3343 910 3411 critico
941 3341 1092 3431 quodam
1121 3361 1248 3409 reeen-

196 3459 283 3528 tiore
299 3458 351 3549 (⁸2)
371 3479 475 3529 omne
490 3460 557 3528 hoc
588 3465 834 3549 argumentum
862 3458 916 3526 his
932 3458 1047 3528 verbis
1064 3479 1083 3526 e
1103 3457 1248 3528 Philebo

196 3563 359 3645 extractis
370 3576 584 3645 claudemus,
599 3596 616 3643 «
633 3574 802 3643 Nostrum
814 3594 941 3664 corpus
953 3573 1107 3642 animam
1116 3573 1258 3659 habere

193 3692 404 3762 fatebimur‘l
432 3693 639 3781 Undenam,
667 3707 687 3761 o
721 3692 832 3761 anrioe
860 3691 1072 3778 Protarcho,
1095 3691 1249 3780 suscepit

228 3942 261 4006 (l)
283 3943 399 4006 Timoeur,
411 3945 450 4004 tt,
464 3940 487 3991 b.
503 3968 532 3979 -·
546 3941 581 4005 (a)
597 3941 634 3990 Cf.
648 3941 775 4006 Fauillae,
787 3941 832 3990 liu.
844 3941 901 4005 cit,
911 3941 962 3990 vol.
979 3943 997 4005 l,
1013 3957 1037 4005 p.
1052 3943 1107 3991 564.
