2782 4576
655 321 811 380 ..54-

209 455 352 543 gislator
369 454 523 523 studium
546 453 731 522 habebit...
749 453 799 521 llc
829 453 953 542 siquis
972 459 1139 543 tyrannus
1159 455 1266 524 simul

205 572 323 662 legum
338 571 427 640 lator
439 572 495 659 sit,
510 570 708 638 difficilibus
723 575 758 638 et
773 569 913 659 optimis
928 569 1193 664 lustrationibus
1210 573 1263 640 uti

207 688 345 777 poterit.
371 687 463 756 Nam
483 686 704 755 exactissima
726 685 939 774 purificatio,
964 685 1262 774 quemadmodum

211 802 476 891 medicinaque
488 802 632 870 validior
644 801 800 889 corporis
812 800 1010 882 adhibetur,
1023 801 1151 869 doloris
1162 802 1267 890 plena

211 923 265 987 est
280 924 314 986 et
330 939 410 986 cum
429 918 561 986 ultione
574 917 669 1006 justa
688 937 830 1005 poenam
850 915 968 1002 insert,
985 922 1097 986 morte
1116 937 1267 1006 peccan-

210 1040 283 1102 tem
298 1040 357 1102 aut
367 1035 487 1103 exsilio
504 1034 675 1101 damnans
690 1031 755 1123 (l).
768 1033 917 1121 »ltaque
934 1039 1121 1122 antequam
1133 1033 1175 1101 ad
1187 1053 1269 1101 con-

213 1150 426 1218 stituendam
443 1150 617 1218 civitatem
631 1153 800 1238 tyrannus
811 1148 930 1239 legum
944 1149 1033 1216 lator
1043 1169 1082 1216 se
1095 1149 1266 1239 accingat,

213 1271 325 1334 morte
341 1271 400 1334 aut
420 1265 541 1334 exsilio
554 1284 679 1354 pravos
695 1285 758 1333 suo
771 1264 901 1354 judicio
921 1263 1083 1332 homines
1103 1270 1156 1332 est
1174 1263 1268 1333 mul-

215 1386 381 1450 ctaturus
397 1381 499 1469 Hanc
518 1401 623 1470 quam
639 1379 891 1470 appellabimus
908 1380 1077 1465 justitiam
1094 1385 1152 1448 aut
1166 1380 1269 1462 saevi,

213 1498 310 1583 tiam,
334 1496 554 1565 harmoniam
579 1501 638 1564 aut
660 1496 768 1585 partis
792 1496 834 1564 ab
860 1495 970 1563 altera
993 1496 1269 1564 mactationem‘.l

102 1614 108 1627 ’
213 1612 367 1682 Dubium
389 1619 442 1681 est
462 1612 547 1702 quin
574 1632 616 1679 ex
639 1612 708 1678 hoc
733 1609 906 1700 principio
932 1631 1000 1698 pax
1027 1616 1062 1679 et
1082 1609 1269 1680 concordia

214 1729 383 1796 oriantur.
398 1727 441 1797 At
456 1726 515 1795 isti
529 1731 766 1823 peccaverunt
780 1733 839 1794 aut
853 1746 1001 1815 peccare
1016 1726 1169 1815 possint;
1184 1727 1270 1815 quid

214 1843 333 1911 dehoc
348 1844 456 1912 altero
467 1841 543 1911 loco
555 1843 616 1910 ubi
626 1841 680 1910 vel
693 1841 794 1910 otiosi
813 1840 1025 1930 erepublica
1036 1839 1179 1910 tollendi
1189 1862 1269 1910 ceu-

212 1964 346 2028 sentur.
360 1977 377 2026 u
387 1958 555 2027 Dicebam
565 1959 685 2048 utique
704 1958 896 2025 otiosorum
912 1941 947 2025 el
963 1957 1184 2058 prodicorum
1201 1959 1269 2027 ho-

212 2076 349 2143 minum
363 2094 472 2165 genus
481 2075 607 2162 partim
620 2073 743 2142 fortius
755 2079 790 2142 et
799 2072 931 2141 virilius
940 2092 1030 2158 esse,
1041 2074 1166 2163 partim
1175 2074 1272 2164 igna-

213 2191 308 2275 vius3
329 2195 364 2257 et
386 2189 472 2257 illud
499 2188 642 2277 quidem
662 2189 804 2275 ducere,
825 2189 894 2256 hoc
914 2193 1031 2257 autem
1051 2189 1163 2279 sequi,
1180 2209 1270 2279 quos

214 2304 341 2373 deinde
352 2305 472 2375 hostes
484 2304 572 2371 fucis
585 2305 621 2372 in
633 2304 872 2394 superioribus
884 2305 1162 2393 comparavimus
1172 2304 1268 2375 :illos

216 2419 355 2510 quidem
384 2420 473 2512 lucis
495 2420 672 2501 aculeatis,
696 2421 761 2487 hos
781 2425 898 2487 autem
918 2420 1048 2488 aculeis
1069 2421 1271 2490 carentibus

215 2535 315 2604 lucis.
337 2535 399 2604 Isti
419 2535 561 2626 quidem
580 2536 617 2602 in
642 2555 863 2626 quacumque
885 2536 1014 2604 fuerint
1034 2519 1171 2605 civitate
1191 2557 1271 2606 eam

215 2651 358 2719 turbant
379 2650 676 2739 quemadmodum
697 2652 821 2740 pituita
845 2650 984 2720 acbilis
1011 2670 1150 2741 corpus.
1172 2652 1271 2733 Quos

217 2773 353 2856 oportet
376 2766 509 2834 bonum
535 2767 712 2835 medicum
741 2773 776 2835 et
801 2767 919 2857 legum
947 2765 1168 2836 fundatorem
1197 2786 1271 2836 non

218 2883 334 2950 minus
350 2902 455 2971 quam
475 2881 639 2951 solertem
660 2902 765 2972 apum
785 2882 952 2951 cultorem
975 2883 1112 2952 eminus
1137 2902 1271 2973 praeca-

217 3019 318 3084 vere,
344 2998 498 3087 primum
519 2998 665 3088 quidem
689 3020 734 3067 ne
756 2999 914 3068 oriantur
934 3000 973 3067 in
993 3000 1129 3068 civitate
1152 3026 1159 3066 :
1182 3001 1272 3069 acsi

218 3115 385 3202 oriantur,
411 3120 450 3183 ut
474 3134 555 3182 cum
579 3114 665 3204 ipsis
689 3115 775 3185 favis
802 3116 961 3205 protinus
988 3115 1204 3185 excidantur.
1225 3154 1272 3166 --

218 3230 270 3300 Ita
284 3250 428 3321 prorsus
445 3230 632 3320 agendum.
654 3252 671 3298 n

251 3547 283 3610 (l)
296 3545 451 3612 recepitur,
464 3552 552 3611 ibba.
561 3573 591 3586 -
602 3546 636 3612 (l)
650 3547 687 3597 De
700 3547 769 3612 ltep„
780 3550 836 3610 tat,
849 3544 873 3597 d.
883 3545 920 3598 Cl.
936 3545 1083 3611 Pollucem,
1093 3552 1148 3613 3⁰9,
1157 3560 1182 3597 o.
