2782 4576
660 320 820 382 ..88-

212 476 302 525 num·
315 475 446 546 genera
463 455 503 524 in
517 455 672 524 diversas
686 457 760 525 vias
778 462 912 525 naturae
934 458 1089 547 impulsu
1112 461 1271 549 primum

214 571 391 657 abeuntia,
410 571 492 640 deiu
509 572 586 661 ipso
603 572 727 640 eodem
746 573 901 661 impulsu
919 576 1105 644 convenire
1121 582 1155 644 et
1173 577 1272 645 invi*

215 709 292 758 cem
307 689 376 758 sibi
389 689 574 788 inservire.
599 689 837 759 Necessitates
857 696 986 759 muluae
1007 712 1049 760 ac
1068 695 1273 764 communia

214 806 398 875 commoda
421 826 546 875 omnes
569 806 716 874 civitatis
738 812 857 894 partes
883 807 996 875 valido
1022 809 1273 906 constringunt

214 920 373 1007 vinculo;
397 941 466 1011 quo
489 927 625 991 romolo
644 919 779 1009 justitia
794 922 873 1010 ipsa
891 942 931 990 ac
950 922 1102 991 Perfecti
1123 924 1270 1013 cupido,

162 1113 163 1116 ,
214 1039 314 1129 quasi
327 1039 365 1106 in
380 1058 462 1107 aere
485 1055 668 1128 suspensa,
690 1038 809 1107 inania
830 1044 1003 1107 natarent.
1020 1037 1154 1107 Vinium
1169 1059 1271 1108 com-

212 1153 1273 1244 pagesnunccontrainvicemreniteutium‚nuucuuosimul

213 1269 470 1338 connitentiuin
490 1269 636 1358 impetu,
663 1268 740 1336 haec
763 1274 817 1337 est
838 1269 985 1337 civitatis
1002 1274 1138 1355 natura,
1160 1289 1271 1358 quarn

213 1385 319 1453 unius
329 1385 417 1452 ideae
429 1385 660 1454 communitas
671 1384 829 1471 absolvit,
842 1384 906 1452 sed
920 1385 1111 1474 sanguinis,
1124 1384 1270 1474 linguae,

212 1500 370 1570 utilitatis
380 1501 594 1570 consortium
605 1501 830 1570 constituitac
840 1506 1070 1589 coagmentat.
1086 1500 1159 1569 Lex
1173 1502 1272 1569 enim

214 1622 282 1686 stat
295 1618 331 1685 in
347 1618 510 1687 omnibus
525 1623 650 1686 natura
668 1617 794 1685 creatis
808 1616 1033 1685 societatibus
1048 1617 1166 1685 omnia
1176 1618 1273 1686 simi-

213 1732 259 1801 lia
274 1733 414 1822 proprio
430 1740 527 1802 motu
541 1733 635 1801 inter
650 1753 688 1801 se
708 1733 896 1801 convenire
913 1751 953 1800 ac
972 1733 1078 1800 variis
1094 1733 1208 1801 modis
1224 1735 1272 1802 ad

215 1866 327 1918 unum
342 1847 507 1918 ellectum
521 1848 679 1918 tendere.
703 1848 762 1916 Nil
787 1849 937 1936 amplius
960 1848 1080 1916 civitas
1106 1855 1207 1938 rogat
1232 1857 1274 1918 ut

215 1966 458 2052 constituatur,
470 1965 602 2105 scilicet
616 1965 771 2033 affinium
789 1957 1010 2061 concordiam
1026 1964 1274 2054 atquelahoris

215 2088 305 2197 parti
293 2082 481 2149 itionem.
1209 2149 1212 2151 Α

246 2198 422 2267 Absitut
382 2194 524 2265 utcont
510 2195 725 2265 tendamus'
717 2197 865 2284 imperio
884 2216 989 2285 posse
1011 2195 1077 2264 civi
1077 2201 1185 2265 talem
1207 2215 1271 2267 va-

214 2330 318 2383 care·
337 2313 545 2382 Animalia
537 2334 626 2402 ipsa,
652 2314 684 2381 si
709 2333 830 2382 eorum
854 2313 1098 2380 structuram
1088 2312 1272 2400 1nspicias‚

214 2430 335 2499 videas
348 2437 426 2518 part
413 2431 507 2498 tibus
526 2431 631 2499 variis
647 2436 808 2498 constare
824 2425 974 2518 quarum
989 2428 1066 2499 aliae
1081 2430 1271 2517 imperant,

215 2554 333 2624 alterae
349 2555 517 2624 serviunt
493 2553 580 2621 ttn
599 2553 658 2621 hic
680 2553 873 2622 notandum
894 2551 1035 2641 partes
1026 2555 1176 2640 imperat
1178 2550 1274 2618 orias

216 2675 389 2751 acaeteris
404 2680 497 2748 vires
512 2680 608 2768 ipsas
623 2679 798 2768 quibusin
812 2677 1088 2747 administrando
1108 2681 1197 2744 toto
1196 2684 1274 2744 co'r-

215 2791 300 2914 pore
315 2793 475 2914 utuntur,
503 2804 676 2891 accipere,
700 2797 809 2870 itaut
830 2805 964 2868 motum
992 2819 1064 2897 non
1088 2798 1277 2888 imponant

217 2908 357 3033 aliunde
361 2934 561 3031 acceptum
573 2929 657 3031 aut
648 2949 687 2995 1n
710 2948 748 2995 se
771 2932 867 2995 creat
869 2947 941 3014 um,
963 2925 1092 2993 sedt
1039 2945 1073 2992 in
1079 2931 1131 2992 ter
1152 2930 1274 3013 partes

216 3042 295 3138 quae
307 3068 388 3116 eum
402 3027 660 3136 generaverunt
670 3049 744 3111 ttan
746 3042 884 3110 umdist
887 3044 1037 3110 ribuaut.
1053 3040 1156 3109 Haud
1172 3040 1232 3109 alit
1218 3046 1276 3109 ter

215 3164 252 3232 in
282 3165 438 3232 humana
468 3162 605 3230 civitate
635 3180 716 3249 pars
740 3159 906 3248 princeps
935 3159 974 3226 in
999 3177 1111 3226 unum
1123 3147 1276 3246 rediget

218 3279 312 3348 cives
334 3277 417 3345 hinc
444 3281 548 3367 atque
570 3274 665 3342 illinc
687 3293 779 3342 caeco
798 3270 1027 3358 cupiditatum
1048 3271 1183 3358 impetu
1198 3266 1274 3336 dis-

216 3399 367 3479 tractos,
393 3393 479 3482 ipsis
489 3390 636 3459 :viribus
651 3407 724 3457 usa
750 3406 828 3476 quae
855 3385 893 3453 in
916 3386 1049 3474 majore
1068 3382 1274 3474 reipublicae

217 3507 453 3597 pantelalenti
465 3503 657 3587 Qum-isi,
677 3504 730 3582 sit·
745 3507 870 3585 nalura
886 3519 988 3586 sana..
1000 3499 1095 3582 nullo
1114 3517 1182 3566 noc
1202 3497 1273 3566 hu-

218 3645 322 3694 mano
338 3607 406 3717 nec
419 3618 780 3714 divinoauxiliolaeta
794 3636 838 3702 ac
856 3623 981 3707 vegeta
994 3616 1114 3685 civitas
1134 3613 1272 3682 evadet.

262 3714 583 3828 Machinamyigitur
597 3714 672 3830 arte
687 3713 869 3821 structam,
888 3740 991 3822 atque
1006 3731 1134 3800 animal
1148 3736 1275 3799 natura

219 3860 334 3924 ortum
358 3843 578 3923 anteo‘culos'
600 3837 729 3936 h²abes3
753 3849 816 3918 sed
836 3849 954 3937 ipsum
977 3846 1106 3916 animal
1129 3846 1198 3914 hoo
1217 3847 1275 3914 sui

218 3979 355 4062 partem
378 3972 416 4039 in
439 3968 610 4039 machinae
638 3967 793 4056 speciem
825 3964 1001 4050 informat,
1043 3968 1156 4052 atque·
1175 3961 1274 4028 omni
