2782 4576
612 323 769 384 ..51-

163 457 275 527 ehinae
290 478 364 526 non
383 457 551 544 corporis.
568 456 639 526 Sed
658 457 833 547 quomodo
854 477 961 525 unam
985 477 1063 525 esse
1085 456 1218 524 maehi-

166 594 248 642 nam
264 573 503 642 duceremus‘l
521 572 641 640 Solum
658 572 787 640 animal
804 593 886 641 vere
902 593 1013 641 unum
1031 577 1102 658 est;
1122 573 1220 659 cujus

165 691 260 758 euim
280 697 398 780 partes
417 688 513 756 nullo
532 695 635 778 pacto
654 689 793 778 seiungi
805 689 861 756 vel
878 689 983 757 etiam
998 688 1076 757 loco
1094 687 1224 755 mutari
1272 681 1274 684 ’

165 812 332 896 possunt:
350 805 518 893 quoniam
531 805 617 894 ipse
632 804 813 873 vinculum
830 825 899 893 quo
916 806 1050 872 caeteris
1064 804 1222 893 partibus

163 921 357 1011 religantur
384 926 548 1008 nectunt,
575 924 679 1008 atque
708 920 824 988 locum
855 941 923 1010 quo
953 921 1109 987 insident
1137 920 1222 1009 ipsae
1327 1003 1333 1014 .

165 1037 271 1105 etiam
287 1057 398 1124 prono
412 1037 513 1125 quasi
527 1035 684 1125 pondere
700 1036 869 1125 deligunt.

212 1154 259 1222 Ut
277 1153 335 1220 illa
354 1154 507 1220 breviter
529 1154 750 1238 contraham,
775 1174 847 1220 una
872 1152 1014 1241 quidem
1034 1172 1222 1220 munerum

166 1270 352 1359 partitione
380 1269 500 1336 civitas
523 1268 614 1336 ellici
638 1268 760 1357 possit,
785 1289 826 1337 ea
846 1274 963 1336 autem
980 1268 1109 1356 duplici
1123 1268 1221 1357 lege:

162 1387 294 1472 priten,
308 1391 348 1454 ut
358 1405 506 1474 quaeque
520 1384 653 1470 classiS,
667 1384 776 1451 altera
792 1384 934 1452 alterius
944 1404 1047 1472 opem
1060 1403 1223 1474 poscens,

167 1500 371 1570 hominibus
398 1501 614 1589 spirantibus
640 1520 713 1567 non
740 1499 830 1567 ideis
861 1500 980 1567 vacuis
1009 1506 1163 1581 constet,
1191 1505 1227 1566 et

167 1616 298 1685 idcirco
318 1616 396 1705 ipsa
416 1616 529 1703 possit
547 1616 585 1682 in
604 1622 723 1705 partes
743 1616 899 1683 vicissim
923 1615 1039 1699 abire3
1060 1615 1225 1700 secundo,

169 1738 209 1800 ut
228 1736 354 1820 sponte
368 1731 590 1801 venientibus
608 1732 693 1798 viris
714 1731 837 1799 eadem
859 1730 1029 1798 confletur
1050 1750 1117 1798 nec
1138 1731 1227 1798 elec·

169 1853 224 1916 tos
244 1869 264 1916 e
284 1848 486 1937 principum
511 1847 682 1915 arbitratu
706 1847 811 1915 etiam
838 1847 966 1914 invitos
992 1846 1162 1914 admittat.
1185 1846 1228 1913 In

172 1963 270 2032 omni
295 1965 391 2032 enim
414 1983 562 2053 corpore
586 1963 656 2030 vita
684 1961 829 2052 praedito
857 1969 975 2050 partes
996 1962 1107 2030 libero
1130 1967 1227 2029 motu

174 2081 375 2148 consentire
390 2079 506 2147 solent
519 2085 556 2148 et
568 2080 720 2148 invicem
740 2079 777 2146 in
791 2077 967 2146 infinitum
986 2077 1229 2167 organicorum

171 2196 325 2284 partium
348 2215 538 2264 numerum
559 2195 772 2263 dividuntur.
790 2194 856 2262 Vel
874 2193 1133 2284 simplicissime
1152 2212 1228 2260 ma-

172 2311 277 2379 china
300 2311 413 2400 magis
440 2331 546 2400 quam
569 2311 637 2379 tria
660 2311 896 2378 instrumenta
927 2310 1084 2378 continet
1111 2335 1118 2373 :
1146 2308 1230 2397 quid

173 2427 287 2494 dicam
305 2427 349 2494 de
370 2446 539 2516 compage
554 2427 711 2515 corporis
729 2426 878 2494 viventis
898 2425 1055 2493 omnium
1074 2424 1229 2513 implica-

171 2543 299 2610 tissimi
312 2541 393 2632 (Μ

617 2792 647 2835 4⁰
661 2792 784 2836 susam.

219 3023 323 3092 Aliud
339 3023 517 3092 vinculum
533 3025 681 3093 civitatis
697 3025 841 3114 justitia.
852 3025 939 3106 Quae
959 3026 1102 3115 quidem
1117 3025 1231 3094 valido

174 3160 268 3208 nexu
284 3141 378 3207 cives
391 3141 580 3226 consociat,
599 3162 708 3231 quum
722 3147 859 3209 constat
876 3142 1004 3230 injure
1023 3141 1176 3209 tenendo
1191 3162 1232 3209 ac

174 3254 410 3340 defendendo,
438 3276 509 3324 non
535 3256 647 3326 solum
669 3258 706 3324 in
734 3278 772 3324 se
797 3257 860 3325 sed
879 3259 918 3325 in
942 3258 1089 3342 caeteriS,
1111 3263 1231 3344 utpote

175 3391 361 3439 commune
383 3375 541 3441 omnium
560 3374 657 3441 boni.
679 3373 737 3442 Sic
757 3374 1059 3463 omnes'singulos
1082 3372 1233 3462 amplec-

176 3492 299 3555 tuntur
320 3493 424 3575 atque
445 3488 660 3578 peculiarem
682 3490 848 3578 inJuriam
871 3508 971 3557 suam
995 3488 1150 3556 universi
1173 3487 1235 3554 du·

175 3608 270 3671 cunt.
288 3603 333 3670 At
351 3603 450 3671 Plato
468 3603 573 3695 longe
594 3605 661 3673 olio
682 3606 787 3673 modo
803 3605 972 3694 justitiam
994 3603 1129 3672 definit.
1147 3603 1233 3670 Earn

176 3720 271 3787 enim
302 3719 468 3789 virtutem
502 3721 679 3789 existimet
710 3742 789 3790 esse
822 3742 891 3811 qua
921 3722 1070 3810 quisque
1102 3720 1141 3788 in
1168 3728 1233 3786 su'o

207 3968 242 4031 (l)
256 3967 317 4019 Vid.
332 3967 451 4019 leibnitii
466 3968 680 4034 Monadoloptam.
693 3969 833 4031 Erdmenn,
850 3976 905 4021 tto.
