<?xml version="1.0" encoding="UTF-8"?>
<!DOCTYPE html PUBLIC "-//W3C//DTD XHTML 1.0 Transitional//EN"
    "http://www.w3.org/TR/xhtml1/DTD/xhtml1-transitional.dtd">
<html xmlns="http://www.w3.org/1999/xhtml" xml:lang="en" lang="en">
 <head>
  <title>
</title>
<meta http-equiv="Content-Type" content="text/html;charset=utf-8" />
  <meta name='ocr-system' content='tesseract 3.04.00' />
  <meta name='ocr-capabilities' content='ocr_page ocr_carea ocr_par ocr_line ocrx_word'/>
</head>
<body>
  <div class='ocr_page' id='page_1' title='image "./decivitateapudp00espigoog_0021.png"; bbox 0 0 2782 4576; ppageno 0'>
   <div class='ocr_carea' id='block_1_1' title="bbox 654 339 894 424">
    <p class='ocr_par' dir='ltr' id='par_1_1' title="bbox 654 339 894 424">
     <span class='ocr_line' id='line_1_1' title="bbox 654 339 894 424; baseline 0 0"><span class='ocrx_word' id='word_1_1' title='bbox 654 363 814 424; x_wconf 78' lang='lat' dir='ltr'>-rt-</span> <span class='ocrx_word' id='word_1_2' title='bbox 891 339 894 345; x_wconf 81' lang='grc'><strong>’</strong></span> 
     </span>
    </p>
   </div>
   <div class='ocr_carea' id='block_1_2' title="bbox 132 497 1281 4025">
    <p class='ocr_par' dir='ltr' id='par_1_2' title="bbox 132 497 1281 4025">
     <span class='ocr_line' id='line_1_2' title="bbox 212 497 1268 589; baseline 0 -21"><span class='ocrx_word' id='word_1_3' title='bbox 212 506 278 587; x_wconf 89' lang='lat' dir='ltr'>rat,</span> <span class='ocrx_word' id='word_1_4' title='bbox 292 500 392 589; x_wconf 86' lang='lat' dir='ltr'>quasi</span> <span class='ocrx_word' id='word_1_5' title='bbox 406 499 511 568; x_wconf 86' lang='lat' dir='ltr'>luerit</span> <span class='ocrx_word' id='word_1_6' title='bbox 522 499 565 567; x_wconf 91' lang='lat' dir='ltr'>de</span> <span class='ocrx_word' id='word_1_7' title='bbox 577 498 633 566; x_wconf 89' lang='lat' dir='ltr'>his</span> <span class='ocrx_word' id='word_1_8' title='bbox 648 497 837 566; x_wconf 89' lang='lat' dir='ltr'>hesternus</span> <span class='ocrx_word' id='word_1_9' title='bbox 850 517 988 567; x_wconf 86' lang='lat' dir='ltr'>sermo:</span> <span class='ocrx_word' id='word_1_10' title='bbox 1001 497 1132 567; x_wconf 84' lang='lat' dir='ltr'>classes</span> <span class='ocrx_word' id='word_1_11' title='bbox 1145 499 1268 568; x_wconf 88' lang='lat' dir='ltr'>sedulo</span> 
     </span>
     <span class='ocr_line' id='line_1_3' title="bbox 211 612 1267 703; baseline -0.001 -19"><span class='ocrx_word' id='word_1_12' title='bbox 211 616 399 703; x_wconf 87' lang='lat' dir='ltr'>sejunctas,</span> <span class='ocrx_word' id='word_1_13' title='bbox 422 613 567 683; x_wconf 78' lang='lat' dir='ltr'>lenitate</span> <span class='ocrx_word' id='word_1_14' title='bbox 598 633 638 682; x_wconf 94' lang='lat' dir='ltr'>ac</span> <span class='ocrx_word' id='word_1_15' title='bbox 667 612 870 682; x_wconf 86' lang='lat' dir='ltr'>fortitudine</span> <span class='ocrx_word' id='word_1_16' title='bbox 906 614 1052 682; x_wconf 83' lang='lat' dir='ltr'><strong>mixtam</strong></span> <span class='ocrx_word' id='word_1_17' title='bbox 1082 614 1267 684; x_wconf 88' lang='lat' dir='ltr'>custodum</span> 
     </span>
     <span class='ocr_line' id='line_1_4' title="bbox 210 728 1268 825; baseline 0.001 -27"><span class='ocrx_word' id='word_1_18' title='bbox 210 728 378 816; x_wconf 85' lang='lat' dir='ltr'>indolem,</span> <span class='ocrx_word' id='word_1_19' title='bbox 406 729 524 798; x_wconf 92' lang='lat' dir='ltr'>omnia</span> <span class='ocrx_word' id='word_1_20' title='bbox 551 728 645 796; x_wconf 89' lang='lat' dir='ltr'>inter</span> <span class='ocrx_word' id='word_1_21' title='bbox 668 748 729 796; x_wconf 90' lang='lat' dir='ltr'>eos</span> <span class='ocrx_word' id='word_1_22' title='bbox 757 729 977 825; x_wconf 83' lang='lat' dir='ltr'>communia,</span> <span class='ocrx_word' id='word_1_23' title='bbox 1008 750 1138 818; x_wconf 92' lang='lat' dir='ltr'>pueros</span> <span class='ocrx_word' id='word_1_24' title='bbox 1169 731 1268 818; x_wconf 90' lang='lat' dir='ltr'>ipsos</span> 
     </span>
     <span class='ocr_line' id='line_1_5' title="bbox 211 842 1268 934; baseline 0.002 -22"><span class='ocrx_word' id='word_1_25' title='bbox 211 844 370 934; x_wconf 90' lang='lat' dir='ltr'>patribus</span> <span class='ocrx_word' id='word_1_26' title='bbox 384 843 531 933; x_wconf 85' lang='lat' dir='ltr'>singulis</span> <span class='ocrx_word' id='word_1_27' title='bbox 541 843 691 932; x_wconf 77' lang='lat' dir='ltr'>ignotos,</span> <span class='ocrx_word' id='word_1_28' title='bbox 706 850 811 930; x_wconf 90' lang='lat' dir='ltr'>atque</span> <span class='ocrx_word' id='word_1_29' title='bbox 822 842 861 911; x_wconf 89' lang='lat' dir='ltr'>in</span> <span class='ocrx_word' id='word_1_30' title='bbox 873 845 953 912; x_wconf 90' lang='lat' dir='ltr'>sinu</span> <span class='ocrx_word' id='word_1_31' title='bbox 965 844 1169 933; x_wconf 88' lang='lat' dir='ltr'>reipublicae</span> <span class='ocrx_word' id='word_1_32' title='bbox 1183 845 1268 914; x_wconf 90' lang='lat' dir='ltr'>edu-</span> 
     </span>
     <span class='ocr_line' id='line_1_6' title="bbox 213 955 1269 1046; baseline 0 -21"><span class='ocrx_word' id='word_1_33' title='bbox 213 965 321 1025; x_wconf 80' lang='lat' dir='ltr'>catos.</span> <span class='ocrx_word' id='word_1_34' title='bbox 344 957 433 1025; x_wconf 83' lang='lat' dir='ltr'>Tum</span> <span class='ocrx_word' id='word_1_35' title='bbox 454 957 617 1025; x_wconf 80' lang='lat' dir='ltr'>Socrates</span> <span class='ocrx_word' id='word_1_36' title='bbox 632 955 762 1024; x_wconf 89' lang='lat' dir='ltr'>latetur</span> <span class='ocrx_word' id='word_1_37' title='bbox 781 977 910 1046; x_wconf 89' lang='lat' dir='ltr'>cupere</span> <span class='ocrx_word' id='word_1_38' title='bbox 927 978 965 1026; x_wconf 91' lang='lat' dir='ltr'>se</span> <span class='ocrx_word' id='word_1_39' title='bbox 981 957 1171 1025; x_wconf 86' lang='lat' dir='ltr'>admodum</span> <span class='ocrx_word' id='word_1_40' title='bbox 1187 959 1269 1026; x_wconf 88' lang='lat' dir='ltr'>civi-</span> 
     </span>
     <span class='ocr_line' id='line_1_7' title="bbox 213 1067 1269 1158; baseline 0.001 -20"><span class='ocrx_word' id='word_1_41' title='bbox 213 1075 322 1138; x_wconf 88' lang='lat' dir='ltr'>tatem</span> <span class='ocrx_word' id='word_1_42' title='bbox 336 1070 429 1137; x_wconf 88' lang='lat' dir='ltr'>hanc</span> <span class='ocrx_word' id='word_1_43' title='bbox 451 1069 628 1137; x_wconf 84' lang='lat' dir='ltr'>viventem</span> <span class='ocrx_word' id='word_1_44' title='bbox 650 1067 769 1136; x_wconf 84' lang='lat' dir='ltr'>videre</span> <span class='ocrx_word' id='word_1_45' title='bbox 793 1089 833 1136; x_wconf 87' lang='lat' dir='ltr'>ac</span> <span class='ocrx_word' id='word_1_46' title='bbox 853 1069 954 1158; x_wconf 87' lang='lat' dir='ltr'>quasi</span> <span class='ocrx_word' id='word_1_47' title='bbox 971 1075 1184 1137; x_wconf 90' lang='lat' dir='ltr'>moventem.</span> <span class='ocrx_word' id='word_1_48' title='bbox 1204 1069 1269 1139; x_wconf 90' lang='lat' dir='ltr'>Cui</span> 
     </span>
     <span class='ocr_line' id='line_1_8' title="bbox 211 1182 1269 1270; baseline 0.001 -18"><span class='ocrx_word' id='word_1_49' title='bbox 211 1190 292 1252; x_wconf 88' lang='lat' dir='ltr'>voto</span> <span class='ocrx_word' id='word_1_50' title='bbox 312 1183 437 1252; x_wconf 84' lang='lat' dir='ltr'>Critias</span> <span class='ocrx_word' id='word_1_51' title='bbox 458 1183 641 1270; x_wconf 89' lang='lat' dir='ltr'>respondit</span> <span class='ocrx_word' id='word_1_52' title='bbox 666 1182 847 1251; x_wconf 87' lang='lat' dir='ltr'>historiam</span> <span class='ocrx_word' id='word_1_53' title='bbox 863 1203 927 1252; x_wconf 91' lang='lat' dir='ltr'>seu</span> <span class='ocrx_word' id='word_1_54' title='bbox 947 1183 1100 1253; x_wconf 87' lang='lat' dir='ltr'>tabulam</span> <span class='ocrx_word' id='word_1_55' title='bbox 1113 1192 1269 1253; x_wconf 88' lang='lat' dir='ltr'>veterem</span> 
     </span>
     <span class='ocr_line' id='line_1_9' title="bbox 212 1298 1270 1393; baseline 0.001 -25"><span class='ocrx_word' id='word_1_56' title='bbox 212 1299 388 1393; x_wconf 88' lang='lat' dir='ltr'>narrando</span> <span class='ocrx_word' id='word_1_57' title='bbox 405 1319 426 1366; x_wconf 87' lang='lat' dir='ltr'>a</span> <span class='ocrx_word' id='word_1_58' title='bbox 440 1298 567 1367; x_wconf 88' lang='lat' dir='ltr'>Solone</span> <span class='ocrx_word' id='word_1_59' title='bbox 582 1298 825 1366; x_wconf 84' lang='lat' dir='ltr'>transmissam</span> <span class='ocrx_word' id='word_1_60' title='bbox 838 1321 846 1364; x_wconf 76' lang='grc' dir='ltr'><strong>ε</strong></span> <span class='ocrx_word' id='word_1_61' title='bbox 860 1298 992 1368; x_wconf 89' lang='lat' dir='ltr'>scilicet</span> <span class='ocrx_word' id='word_1_62' title='bbox 1003 1300 1161 1368; x_wconf 88' lang='lat' dir='ltr'>Athenas</span> <span class='ocrx_word' id='word_1_63' title='bbox 1173 1301 1270 1389; x_wconf 90' lang='lat' dir='ltr'>ipsas</span> 
     </span>
     <span class='ocr_line' id='line_1_10' title="bbox 212 1390 1271 1500; baseline 0.004 -22"><span class='ocrx_word' id='word_1_64' title='bbox 212 1412 268 1479; x_wconf 93' lang='lat' dir='ltr'>his</span> <span class='ocrx_word' id='word_1_65' title='bbox 281 1411 368 1499; x_wconf 91' lang='lat' dir='ltr'>ipsis</span> <span class='ocrx_word' id='word_1_66' title='bbox 383 1410 518 1500; x_wconf 80' lang='lat' dir='ltr'>legibus</span> <span class='ocrx_word' id='word_1_67' title='bbox 534 1409 712 1499; x_wconf 90' lang='lat' dir='ltr'>quondam</span> <span class='ocrx_word' id='word_1_68' title='bbox 726 1408 887 1478; x_wconf 90' lang='lat' dir='ltr'>floruisse</span> <span class='ocrx_word' id='word_1_69' title='bbox 908 1432 995 1500; x_wconf 90' lang='lat' dir='ltr'>quas</span> <span class='ocrx_word' id='word_1_70' title='bbox 1012 1412 1174 1481; x_wconf 86' lang='lat' dir='ltr'>Socrates</span> <span class='ocrx_word' id='word_1_71' title='bbox 1195 1390 1271 1482; x_wconf 79' lang='lat' dir='ltr'>suae</span> 
     </span>
     <span class='ocr_line' id='line_1_11' title="bbox 215 1525 1272 1617; baseline 0.001 -21"><span class='ocrx_word' id='word_1_72' title='bbox 215 1526 345 1596; x_wconf 88' lang='lat' dir='ltr'>civitati</span> <span class='ocrx_word' id='word_1_73' title='bbox 361 1526 527 1594; x_wconf 88' lang='lat' dir='ltr'>hesterna</span> <span class='ocrx_word' id='word_1_74' title='bbox 548 1525 784 1614; x_wconf 89' lang='lat' dir='ltr'>disputatione</span> <span class='ocrx_word' id='word_1_75' title='bbox 808 1525 1035 1614; x_wconf 85' lang='lat' dir='ltr'>adscriberet,</span> <span class='ocrx_word' id='word_1_76' title='bbox 1062 1533 1166 1617; x_wconf 92' lang='lat' dir='ltr'>atque</span> <span class='ocrx_word' id='word_1_77' title='bbox 1195 1535 1272 1597; x_wconf 89' lang='lat' dir='ltr'>tum</span> 
     </span>
     <span class='ocr_line' id='line_1_12' title="bbox 214 1641 1271 1733; baseline 0 -23"><span class='ocrx_word' id='word_1_78' title='bbox 214 1643 322 1710; x_wconf 89' lang='lat' dir='ltr'>tantis</span> <span class='ocrx_word' id='word_1_79' title='bbox 341 1642 474 1710; x_wconf 88' lang='lat' dir='ltr'>viribus</span> <span class='ocrx_word' id='word_1_80' title='bbox 492 1641 645 1730; x_wconf 84' lang='lat' dir='ltr'>viguisse</span> <span class='ocrx_word' id='word_1_81' title='bbox 665 1646 705 1708; x_wconf 90' lang='lat' dir='ltr'>ut</span> <span class='ocrx_word' id='word_1_82' title='bbox 724 1641 887 1710; x_wconf 87' lang='lat' dir='ltr'>omnibus</span> <span class='ocrx_word' id='word_1_83' title='bbox 907 1641 1114 1711; x_wconf 88' lang='lat' dir='ltr'>Hellenibus</span> <span class='ocrx_word' id='word_1_84' title='bbox 1129 1663 1271 1733; x_wconf 89' lang='lat' dir='ltr'>praepo-</span> 
     </span>
     <span class='ocr_line' id='line_1_13' title="bbox 215 1755 1273 1847; baseline 0 -20"><span class='ocrx_word' id='word_1_85' title='bbox 215 1759 290 1827; x_wconf 83' lang='lat' dir='ltr'>sitae</span> <span class='ocrx_word' id='word_1_86' title='bbox 307 1758 488 1847; x_wconf 81' lang='lat' dir='ltr'>ingentem</span> <span class='ocrx_word' id='word_1_87' title='bbox 504 1756 696 1824; x_wconf 86' lang='lat' dir='ltr'>exercitum</span> <span class='ocrx_word' id='word_1_88' title='bbox 717 1776 760 1823; x_wconf 82' lang='lat' dir='ltr'>ex</span> <span class='ocrx_word' id='word_1_89' title='bbox 775 1755 951 1825; x_wconf 89' lang='lat' dir='ltr'>Atlantide</span> <span class='ocrx_word' id='word_1_90' title='bbox 970 1758 1088 1826; x_wconf 90' lang='lat' dir='ltr'>insula</span> <span class='ocrx_word' id='word_1_91' title='bbox 1109 1764 1273 1828; x_wconf 87' lang='lat' dir='ltr'>ruentem</span> 
     </span>
     <span class='ocr_line' id='line_1_14' title="bbox 216 1870 1274 1940; baseline 0.001 -1"><span class='ocrx_word' id='word_1_92' title='bbox 216 1870 260 1939; x_wconf 91' lang='lat' dir='ltr'>ad</span> <span class='ocrx_word' id='word_1_93' title='bbox 278 1871 558 1939; x_wconf 89' lang='lat' dir='ltr'>internecionem</span> <span class='ocrx_word' id='word_1_94' title='bbox 579 1870 817 1938; x_wconf 87' lang='lat' dir='ltr'>cecidissent:</span> <span class='ocrx_word' id='word_1_95' title='bbox 844 1870 907 1939; x_wconf 89' lang='lat' dir='ltr'>sed</span> <span class='ocrx_word' id='word_1_96' title='bbox 921 1876 1096 1939; x_wconf 91' lang='lat' dir='ltr'>terrarum</span> <span class='ocrx_word' id='word_1_97' title='bbox 1121 1891 1274 1940; x_wconf 90' lang='lat' dir='ltr'>concus-</span> 
     </span>
     <span class='ocr_line' id='line_1_15' title="bbox 216 1983 1271 2073; baseline 0.002 -20"><span class='ocrx_word' id='word_1_98' title='bbox 216 1985 374 2053; x_wconf 88' lang='lat' dir='ltr'>sionibus</span> <span class='ocrx_word' id='word_1_99' title='bbox 396 1983 686 2072; x_wconf 87' lang='lat' dir='ltr'>eluvionibusque</span> <span class='ocrx_word' id='word_1_100' title='bbox 704 2005 815 2072; x_wconf 81' lang='lat' dir='ltr'>genus</span> <span class='ocrx_word' id='word_1_101' title='bbox 836 1983 924 2052; x_wconf 92' lang='lat' dir='ltr'>illud</span> <span class='ocrx_word' id='word_1_102' title='bbox 946 1986 1157 2073; x_wconf 88' lang='lat' dir='ltr'>praeclarum</span> <span class='ocrx_word' id='word_1_103' title='bbox 1180 1987 1271 2055; x_wconf 89' lang='lat' dir='ltr'>viro·</span> 
     </span>
     <span class='ocr_line' id='line_1_16' title="bbox 214 2098 1269 2188; baseline 0.002 -19"><span class='ocrx_word' id='word_1_104' title='bbox 214 2120 294 2169; x_wconf 89' lang='lat' dir='ltr'>rum</span> <span class='ocrx_word' id='word_1_105' title='bbox 312 2100 420 2168; x_wconf 87' lang='lat' dir='ltr'>luisse</span> <span class='ocrx_word' id='word_1_106' title='bbox 441 2099 671 2185; x_wconf 88' lang='lat' dir='ltr'>destructum,</span> <span class='ocrx_word' id='word_1_107' title='bbox 689 2098 773 2166; x_wconf 93' lang='lat' dir='ltr'>dum</span> <span class='ocrx_word' id='word_1_108' title='bbox 785 2099 863 2188; x_wconf 89' lang='lat' dir='ltr'>ipsa</span> <span class='ocrx_word' id='word_1_109' title='bbox 880 2100 1030 2168; x_wconf 84' lang='lat' dir='ltr'>Atlantis</span> <span class='ocrx_word' id='word_1_110' title='bbox 1046 2101 1162 2170; x_wconf 88' lang='lat' dir='ltr'>insula</span> <span class='ocrx_word' id='word_1_111' title='bbox 1181 2104 1269 2171; x_wconf 88' lang='lat' dir='ltr'>mari</span> 
     </span>
     <span class='ocr_line' id='line_1_17' title="bbox 218 2213 1276 2304; baseline 0 -20"><span class='ocrx_word' id='word_1_112' title='bbox 218 2215 430 2284; x_wconf 89' lang='lat' dir='ltr'>hauriretur.</span> <span class='ocrx_word' id='word_1_113' title='bbox 453 2213 573 2282; x_wconf 90' lang='lat' dir='ltr'>Placet</span> <span class='ocrx_word' id='word_1_114' title='bbox 591 2233 674 2281; x_wconf 89' lang='lat' dir='ltr'>vero</span> <span class='ocrx_word' id='word_1_115' title='bbox 691 2213 805 2282; x_wconf 84' lang='lat' dir='ltr'>Critiae</span> <span class='ocrx_word' id='word_1_116' title='bbox 823 2214 916 2283; x_wconf 90' lang='lat' dir='ltr'>hanc</span> <span class='ocrx_word' id='word_1_117' title='bbox 936 2215 1089 2284; x_wconf 86' lang='lat' dir='ltr'>fabulam</span> <span class='ocrx_word' id='word_1_118' title='bbox 1109 2222 1276 2304; x_wconf 87' lang='lat' dir='ltr'>tanquam</span> 
     </span>
     <span class='ocr_line' id='line_1_18' title="bbox 219 2328 1276 2418; baseline -0.001 -18"><span class='ocrx_word' id='word_1_119' title='bbox 219 2351 300 2399; x_wconf 90' lang='lat' dir='ltr'>vere</span> <span class='ocrx_word' id='word_1_120' title='bbox 315 2328 498 2396; x_wconf 88' lang='lat' dir='ltr'>historiam</span> <span class='ocrx_word' id='word_1_121' title='bbox 512 2328 658 2414; x_wconf 89' lang='lat' dir='ltr'>habere,</span> <span class='ocrx_word' id='word_1_122' title='bbox 670 2328 719 2395; x_wconf 91' lang='lat' dir='ltr'>ita</span> <span class='ocrx_word' id='word_1_123' title='bbox 732 2335 772 2396; x_wconf 88' lang='lat' dir='ltr'>ut</span> <span class='ocrx_word' id='word_1_124' title='bbox 786 2328 923 2417; x_wconf 87' lang='lat' dir='ltr'>species</span> <span class='ocrx_word' id='word_1_125' title='bbox 935 2330 1082 2398; x_wconf 88' lang='lat' dir='ltr'>civitatis</span> <span class='ocrx_word' id='word_1_126' title='bbox 1093 2350 1172 2418; x_wconf 90' lang='lat' dir='ltr'>quae</span> <span class='ocrx_word' id='word_1_127' title='bbox 1182 2331 1276 2399; x_wconf 89' lang='lat' dir='ltr'>vide-</span> 
     </span>
     <span class='ocr_line' id='line_1_19' title="bbox 216 2446 1275 2533; baseline -0.001 -19"><span class='ocrx_word' id='word_1_128' title='bbox 216 2446 320 2514; x_wconf 92' lang='lat' dir='ltr'>batur</span> <span class='ocrx_word' id='word_1_129' title='bbox 335 2464 441 2533; x_wconf 89' lang='lat' dir='ltr'>supra</span> <span class='ocrx_word' id='word_1_130' title='bbox 455 2463 575 2512; x_wconf 89' lang='lat' dir='ltr'>veram</span> <span class='ocrx_word' id='word_1_131' title='bbox 591 2463 683 2527; x_wconf 88' lang='lat' dir='ltr'>esse,</span> <span class='ocrx_word' id='word_1_132' title='bbox 699 2448 836 2511; x_wconf 89' lang='lat' dir='ltr'>tantum</span> <span class='ocrx_word' id='word_1_133' title='bbox 857 2450 937 2512; x_wconf 88' lang='lat' dir='ltr'>ante</span> <span class='ocrx_word' id='word_1_134' title='bbox 953 2453 1167 2533; x_wconf 81' lang='lat' dir='ltr'>praesentem</span> <span class='ocrx_word' id='word_1_135' title='bbox 1194 2466 1275 2514; x_wconf 82' lang='lat' dir='ltr'>exs-</span> 
     </span>
     <span class='ocr_line' id='line_1_20' title="bbox 217 2557 1275 2649; baseline -0.001 -21"><span class='ocrx_word' id='word_1_136' title='bbox 217 2561 330 2628; x_wconf 88' lang='lat' dir='ltr'>titisse</span> <span class='ocrx_word' id='word_1_137' title='bbox 346 2564 526 2649; x_wconf 87' lang='lat' dir='ltr'>appareat.</span> <span class='ocrx_word' id='word_1_138' title='bbox 548 2557 718 2647; x_wconf 90' lang='lat' dir='ltr'>Proponit</span> <span class='ocrx_word' id='word_1_139' title='bbox 736 2578 818 2648; x_wconf 84' lang='lat' dir='ltr'>ergo</span> <span class='ocrx_word' id='word_1_140' title='bbox 834 2559 970 2627; x_wconf 88' lang='lat' dir='ltr'>Socrati</span> <span class='ocrx_word' id='word_1_141' title='bbox 984 2560 1138 2649; x_wconf 80' lang='lat' dir='ltr'>origines</span> <span class='ocrx_word' id='word_1_142' title='bbox 1159 2561 1275 2629; x_wconf 90' lang='lat' dir='ltr'>socie-</span> 
     </span>
     <span class='ocr_line' id='line_1_21' title="bbox 132 2672 1276 2764; baseline 0 -20"><span class='ocrx_word' id='word_1_143' title='bbox 132 2701 135 2705; x_wconf 49' lang='lat'><em>*</em></span> <span class='ocrx_word' id='word_1_144' title='bbox 221 2676 304 2745; x_wconf 90' lang='lat' dir='ltr'>tatis</span> <span class='ocrx_word' id='word_1_145' title='bbox 319 2675 424 2764; x_wconf 86' lang='lat' dir='ltr'>hujus</span> <span class='ocrx_word' id='word_1_146' title='bbox 442 2694 462 2742; x_wconf 91' lang='lat' dir='ltr'>a</span> <span class='ocrx_word' id='word_1_147' title='bbox 480 2673 653 2763; x_wconf 89' lang='lat' dir='ltr'>principio</span> <span class='ocrx_word' id='word_1_148' title='bbox 676 2672 878 2759; x_wconf 84' lang='lat' dir='ltr'>revolvere3</span> <span class='ocrx_word' id='word_1_149' title='bbox 904 2675 961 2742; x_wconf 90' lang='lat' dir='ltr'>cui</span> <span class='ocrx_word' id='word_1_150' title='bbox 976 2676 1155 2762; x_wconf 90' lang='lat' dir='ltr'>proposito</span> <span class='ocrx_word' id='word_1_151' title='bbox 1175 2676 1276 2745; x_wconf 87' lang='lat' dir='ltr'>laetus</span> 
     </span>
     <span class='ocr_line' id='line_1_22' title="bbox 219 2788 1278 2878; baseline -0.003 -19"><span class='ocrx_word' id='word_1_152' title='bbox 219 2791 383 2859; x_wconf 88' lang='lat' dir='ltr'>Socrates</span> <span class='ocrx_word' id='word_1_153' title='bbox 398 2789 556 2875; x_wconf 87' lang='lat' dir='ltr'>assentit,</span> <span class='ocrx_word' id='word_1_154' title='bbox 576 2794 697 2878; x_wconf 89' lang='lat' dir='ltr'>utpote</span> <span class='ocrx_word' id='word_1_155' title='bbox 715 2789 775 2877; x_wconf 93' lang='lat' dir='ltr'>qui</span> <span class='ocrx_word' id='word_1_156' title='bbox 791 2788 962 2877; x_wconf 89' lang='lat' dir='ltr'>impensis</span> <span class='ocrx_word' id='word_1_157' title='bbox 978 2788 1052 2856; x_wconf 89' lang='lat' dir='ltr'>suis</span> <span class='ocrx_word' id='word_1_158' title='bbox 1070 2789 1278 2858; x_wconf 87' lang='lat' dir='ltr'>hesternum</span> 
     </span>
     <span class='ocr_line' id='line_1_23' title="bbox 220 2900 1274 2992; baseline -0.002 -20"><span class='ocrx_word' id='word_1_159' title='bbox 220 2923 422 2972; x_wconf 90' lang='lat' dir='ltr'>sermonem</span> <span class='ocrx_word' id='word_1_160' title='bbox 440 2920 550 2991; x_wconf 89' lang='lat' dir='ltr'>prope</span> <span class='ocrx_word' id='word_1_161' title='bbox 577 2921 720 2969; x_wconf 92' lang='lat' dir='ltr'>omnem</span> <span class='ocrx_word' id='word_1_162' title='bbox 749 2900 982 2992; x_wconf 88' lang='lat' dir='ltr'>produxisset.</span> <span class='ocrx_word' id='word_1_163' title='bbox 1007 2901 1274 2971; x_wconf 71' lang='lat' dir='ltr'>Tumtlritias:</span> 
     </span>
     <span class='ocr_line' id='line_1_24' title="bbox 222 3017 1279 3115; baseline -0.003 -28"><span class='ocrx_word' id='word_1_164' title='bbox 222 3019 482 3115; x_wconf 78' lang='lat' dir='ltr'>«Considera,</span> <span class='ocrx_word' id='word_1_165' title='bbox 516 3018 696 3104; x_wconf 75' lang='lat' dir='ltr'>SocrateS,</span> <span class='ocrx_word' id='word_1_166' title='bbox 727 3038 785 3086; x_wconf 35' lang='lat' dir='ltr'>ans</span> <span class='ocrx_word' id='word_1_167' title='bbox 806 3017 989 3086; x_wconf 90' lang='lat' dir='ltr'>commode</span> <span class='ocrx_word' id='word_1_168' title='bbox 1018 3023 1180 3085; x_wconf 92' lang='lat' dir='ltr'>mutuum</span> <span class='ocrx_word' id='word_1_169' title='bbox 1215 3017 1279 3086; x_wconf 91' lang='lat' dir='ltr'>tibi</span> 
     </span>
     <span class='ocr_line' id='line_1_25' title="bbox 223 3132 1276 3224; baseline -0.002 -22"><span class='ocrx_word' id='word_1_170' title='bbox 223 3134 423 3211; x_wconf 85' lang='lat' dir='ltr'>convivium</span> <span class='ocrx_word' id='word_1_171' title='bbox 438 3133 727 3224; x_wconf 89' lang='lat' dir='ltr'>disposuerimus.</span> <span class='ocrx_word' id='word_1_172' title='bbox 741 3133 862 3201; x_wconf 88' lang='lat' dir='ltr'>Visum</span> <span class='ocrx_word' id='word_1_173' title='bbox 879 3133 981 3200; x_wconf 91' lang='lat' dir='ltr'>nobis</span> <span class='ocrx_word' id='word_1_174' title='bbox 995 3139 1048 3200; x_wconf 89' lang='lat' dir='ltr'>est</span> <span class='ocrx_word' id='word_1_175' title='bbox 1062 3137 1101 3201; x_wconf 92' lang='lat' dir='ltr'>ut</span> <span class='ocrx_word' id='word_1_176' title='bbox 1110 3132 1276 3219; x_wconf 75' lang='lat' dir='ltr'>Timaem,</span> 
     </span>
     <span class='ocr_line' id='line_1_26' title="bbox 216 3240 1272 3334; baseline -0.004 -16"><span class='ocrx_word' id='word_1_177' title='bbox 216 3249 253 3318; x_wconf 88' lang='lat' dir='ltr'>in</span> <span class='ocrx_word' id='word_1_178' title='bbox 271 3249 483 3317; x_wconf 90' lang='lat' dir='ltr'>astronomia</span> <span class='ocrx_word' id='word_1_179' title='bbox 502 3254 703 3317; x_wconf 91' lang='lat' dir='ltr'>nostrorum</span> <span class='ocrx_word' id='word_1_180' title='bbox 722 3249 880 3316; x_wconf 91' lang='lat' dir='ltr'>omnium</span> <span class='ocrx_word' id='word_1_181' title='bbox 895 3247 1143 3334; x_wconf 88' lang='lat' dir='ltr'>peritissimus,</span> <span class='ocrx_word' id='word_1_182' title='bbox 1158 3240 1272 3314; x_wconf 82' lang='lat' dir='ltr'>maxi-</span> 
     </span>
     <span class='ocr_line' id='line_1_27' title="bbox 221 3357 1279 3451; baseline -0.005 -20"><span class='ocrx_word' id='word_1_183' title='bbox 221 3382 352 3451; x_wconf 90' lang='lat' dir='ltr'>meque</span> <span class='ocrx_word' id='word_1_184' title='bbox 367 3362 406 3428; x_wconf 91' lang='lat' dir='ltr'>in</span> <span class='ocrx_word' id='word_1_185' title='bbox 420 3381 540 3428; x_wconf 89' lang='lat' dir='ltr'>rerum</span> <span class='ocrx_word' id='word_1_186' title='bbox 552 3366 681 3428; x_wconf 90' lang='lat' dir='ltr'>natura</span> <span class='ocrx_word' id='word_1_187' title='bbox 696 3357 941 3449; x_wconf 84' lang='lat' dir='ltr'>cognoscenda</span> <span class='ocrx_word' id='word_1_188' title='bbox 954 3365 1127 3438; x_wconf 77' lang='lat' dir='ltr'>versatae,</span> <span class='ocrx_word' id='word_1_189' title='bbox 1143 3359 1279 3447; x_wconf 88' lang='lat' dir='ltr'>primus</span> 
     </span>
     <span class='ocr_line' id='line_1_28' title="bbox 222 3471 1280 3562; baseline -0.006 -17"><span class='ocrx_word' id='word_1_190' title='bbox 222 3475 404 3560; x_wconf 89' lang='lat' dir='ltr'>edisserat,</span> <span class='ocrx_word' id='word_1_191' title='bbox 422 3474 471 3542; x_wconf 92' lang='lat' dir='ltr'>ita</span> <span class='ocrx_word' id='word_1_192' title='bbox 483 3476 524 3542; x_wconf 80' lang='lat' dir='ltr'>att</span> <span class='ocrx_word' id='word_1_193' title='bbox 538 3495 560 3542; x_wconf 86' lang='lat' dir='ltr'>o</span> <span class='ocrx_word' id='word_1_194' title='bbox 575 3473 703 3542; x_wconf 81' lang='lat' dir='ltr'>mundi</span> <span class='ocrx_word' id='word_1_195' title='bbox 721 3473 945 3562; x_wconf 79' lang='lat' dir='ltr'>qeneratione</span> <span class='ocrx_word' id='word_1_196' title='bbox 962 3471 1148 3539; x_wconf 78' lang='lat' dir='ltr'>exordiens</span> <span class='ocrx_word' id='word_1_197' title='bbox 1168 3491 1280 3560; x_wconf 80' lang='lat' dir='ltr'>usqae</span> 
     </span>
     <span class='ocr_line' id='line_1_29' title="bbox 222 3585 1280 3677; baseline -0.002 -21"><span class='ocrx_word' id='word_1_198' title='bbox 222 3588 269 3656; x_wconf 84' lang='lat' dir='ltr'>od</span> <span class='ocrx_word' id='word_1_199' title='bbox 296 3588 433 3677; x_wconf 75' lang='lat' dir='ltr'>pencris</span> <span class='ocrx_word' id='word_1_200' title='bbox 464 3586 615 3655; x_wconf 80' lang='lat' dir='ltr'>hamoni</span> <span class='ocrx_word' id='word_1_201' title='bbox 645 3589 819 3654; x_wconf 76' lang='lat' dir='ltr'>caturam</span> <span class='ocrx_word' id='word_1_202' title='bbox 848 3585 1022 3653; x_wconf 83' lang='lat' dir='ltr'>deveniat.</span> <span class='ocrx_word' id='word_1_203' title='bbox 1060 3585 1175 3676; x_wconf 82' lang='lat' dir='ltr'>Atque</span> <span class='ocrx_word' id='word_1_204' title='bbox 1215 3606 1280 3674; x_wconf 85' lang='lat' dir='ltr'>ego</span> 
     </span>
     <span class='ocr_line' id='line_1_30' title="bbox 223 3702 1279 3792; baseline -0.003 -21"><span class='ocrx_word' id='word_1_205' title='bbox 223 3703 352 3775; x_wconf 90' lang='lat' dir='ltr'>deinde</span> <span class='ocrx_word' id='word_1_206' title='bbox 372 3703 569 3792; x_wconf 90' lang='lat' dir='ltr'>suspiciens</span> <span class='ocrx_word' id='word_1_207' title='bbox 592 3702 755 3771; x_wconf 91' lang='lat' dir='ltr'>homines</span> <span class='ocrx_word' id='word_1_208' title='bbox 771 3722 791 3770; x_wconf 93' lang='lat' dir='ltr'>a</span> <span class='ocrx_word' id='word_1_209' title='bbox 809 3702 940 3771; x_wconf 89' lang='lat' dir='ltr'>Timaeo</span> <span class='ocrx_word' id='word_1_210' title='bbox 960 3702 1103 3790; x_wconf 90' lang='lat' dir='ltr'>quidem</span> <span class='ocrx_word' id='word_1_211' title='bbox 1127 3703 1279 3792; x_wconf 84' lang='lat' dir='ltr'>genitos,</span> 
     </span>
     <span class='ocr_line' id='line_1_31' title="bbox 223 3817 1281 3909; baseline -0.006 -19"><span class='ocrx_word' id='word_1_212' title='bbox 223 3827 300 3890; x_wconf 89' lang='lat' dir='ltr'>ate</span> <span class='ocrx_word' id='word_1_213' title='bbox 325 3840 408 3889; x_wconf 90' lang='lat' dir='ltr'>vero</span> <span class='ocrx_word' id='word_1_214' title='bbox 430 3826 470 3888; x_wconf 90' lang='lat' dir='ltr'>ut</span> <span class='ocrx_word' id='word_1_215' title='bbox 493 3819 684 3909; x_wconf 91' lang='lat' dir='ltr'>plurimum</span> <span class='ocrx_word' id='word_1_216' title='bbox 706 3819 897 3908; x_wconf 89' lang='lat' dir='ltr'>institutos,</span> <span class='ocrx_word' id='word_1_217' title='bbox 925 3819 1122 3887; x_wconf 91' lang='lat' dir='ltr'>secundum</span> <span class='ocrx_word' id='word_1_218' title='bbox 1142 3817 1281 3887; x_wconf 89' lang='lat' dir='ltr'>Solonis</span> 
     </span>
     <span class='ocr_line' id='line_1_32' title="bbox 222 3931 1277 4025; baseline -0.006 -20"><span class='ocrx_word' id='word_1_219' title='bbox 222 3956 423 4006; x_wconf 89' lang='lat' dir='ltr'>sermonem</span> <span class='ocrx_word' id='word_1_220' title='bbox 451 3936 636 4025; x_wconf 83' lang='lat' dir='ltr'>legemque</span> <span class='ocrx_word' id='word_1_221' title='bbox 658 3935 696 4003; x_wconf 90' lang='lat' dir='ltr'>in</span> <span class='ocrx_word' id='word_1_222' title='bbox 716 3935 887 4024; x_wconf 85' lang='lat' dir='ltr'>judicium</span> <span class='ocrx_word' id='word_1_223' title='bbox 911 3940 1068 4004; x_wconf 87' lang='lat' dir='ltr'>vestrum</span> <span class='ocrx_word' id='word_1_224' title='bbox 1092 3931 1277 4016; x_wconf 89' lang='lat' dir='ltr'>adducam,</span> 
     </span>
    </p>
   </div>
   <div class='ocr_carea' id='block_1_3' title="bbox 0 0 1409 4576">
    <p class='ocr_par' dir='ltr' id='par_1_3' title="bbox 0 0 1409 4576">
     <span class='ocr_line' id='line_1_33' title="bbox 0 0 1409 4576; baseline 0 0"><span class='ocrx_word' id='word_1_225' title='bbox 0 0 1409 4576; x_wconf 95' lang='lat' dir='ltr'> </span> 
     </span>
    </p>
   </div>
  </div>
 </body>
</html>
